
@article{AgrawalWhitlock2012,
  title     = {Mutation load: the fitness of individuals in populations where deleterious alleles are abundant},
  author    = {Agrawal, Aneil F. and Whitlock, Michael C.},
  journal   = {Ann.~Rev.~Ecol.~Evol.~Syst.},
  volume    = {43},
  pages     = {115--135},
  year      = {2012}
}

@article{AnotonovicsAbrams2004,
  title     = {Intratetrad mating and the evolution of linkage relationships},
  author    = {Antonovics, Janis and Abrams, Joseph Y.},
  journal   = {Evolution},
  volume    = {58},
  pages     = {702--709},
  year      = {2004},
  publisher = {Wiley}
}

@article{Bachtrog2014,
  title     = {Sex determination: why so many ways of doing it?},
  author    = {Bachtrog, D. and Mank, J.~E. and Peichel, C.~L. and Kirkpatrick, M. and Otto, S.~P. and Ashman, Tia-Lynn and Hahn, M.~W. and Kitano, J. and Mayrose, I. and Ming, R. and Perrin, N. and Ross, L. and Valenzuela, N. and Vamosi, J.~C. and The Tree of Sex Consortium},
  journal   = {PLoS Biology},
  volume    = {12},
  number    = {7},
  pages     = {e1001899},
  year      = {2014},
  publisher = {PLoS}
}

@article{BergeroCharlesworth2009,
  title     = {The evolution of restricted recombination in sex chromosomes},
  author    = {Bergero, Roberta and Charlesworth, Deborah },
  journal   = {Trends in Ecology and Evolution},
  volume    = {24},
  pages     = {94--102},
  year      = {2009},
  publisher = {Wiley}
}

@article{Bergero2019,
  title     = {Exaggerated heterochiasmy in a fish with sex-linked male coloration polymorphisms},
  author    = {Bergero, Roberta and Gardner, Jim and Bader, Beth and Yong, Lengxob and Charlesworth, Deborah },
  journal   = {PNAS},
  volume    = {116},
  pages     = {6924--6931},
  year      = {2019},
  publisher = {PNAS}
}

@inbook{BeukeboomPerrin2014,
  title     = "The evolution of sex determination",
  author    = "Beukeboom, Leo W. and Perrin, Nicolas",
  chapter   = "5",
  pages     = "89--113",
  year      = "2014",
  publisher = "Oxford University Press",
  address   = "Oxford, UK"
}

@article{Billiard-etal-2021,
  title     = {The integrative biology of genetic dominance},
  author    = {Billiard, S. and Castric, V. and Llaurens, V.},
  journal   = {Biol.~Rev.},
  volume    = {96},
  pages     = {2925--2942},
  year      = {2021},
  doi       = {10.1111/evo.12439}
}

@Book{Bull1983,
  author    = {James J.~Bull},
  title     = {Evolution of sex determining systems},
  pages     = {265--269},
  publisher = {The Benjamin/Cummings Publishing Company},
  year      = {1983},
  address   = {California, USA}
}

@article{Branco2017,
  title     = {Sex differences in fitness and selection for centric fusions between sex-chromosomes and autosomes},
  author    = {Branco, Sara and Badouin, H\`{e}l\'{e}ne and Rodr\'{i}guez de la Vega, Ricardo C. and Gouzy, J\`{e}r\^{o}me and Carbentier, Fantin and Aguileta, Gabriela and Siguenza, Sophie and Brandenburg, Jean-Tristan and Coelho, Marco A. and Hood, Michael E. and Giraud, Tatiana},
  journal   = {PNAS},
  volume    = {114},
  pages     = {7067--7072},
  year      = {2017},
  publisher = {PNAS}
}

@article{Charlesworth1980,
  title     = {Sex differences in fitness and selection for centric fusions between sex-chromosomes and autosomes},
  author    = {Charlesworth, Deborah and Charlesworth, Brian},
  journal   = {Genetical Research},
  volume    = {35},
  pages     = {205--214},
  year      = {1980},
}

@article{Charlesworth1991a,
  title     = {The evolution of sex chromosomes},
  author    = {Charlesworth, Brian},
  journal   = {Science},
  volume    = {251},
  pages     = {1030--1033},
  year      = {1991},
}


@article{Charlesworth1991b,
  title     = {The apparent selection on neutral marker loci in partially inbreeding populations},
  author    = {Charlesworth, Deborah},
  journal   = {Genet.~Res.~Camb.},
  volume    = {57},
  pages     = {159--175},
  year      = {1991},
}


@Book{Charlesworth2010,
  author    = {Charlesworth, Deborah and Charlesworth, Brian},
  title     = {Elements of evolutionary genetics},
  pages     = {98},
  publisher = {Roberts and Company Publishers},
  year      = {2010},
  address   = {Colorado, USA}
}

@article{Charlesworth2017,
  title     = {Evolution of recombination rates between sex chromosomes},
  author    = {Charlesworth, Deborah},
  journal   = {Phil.~Trans.~Roy.~Soc.~B},
  volume    = {372},
  pages     = {20160456},
  year      = {2017},
  publisher = {Royal Society}
}

@article{CharlesworthWall1999,
  title     = {Inbreeding, heterozygote advantage and the evolution of neo-X and neo-Y sex chromosomes},
  author    = {Charlesworth, Brian and Wall, James D.},
  journal   = {Proc.~Roy~Soc.~B},
  volume    = {266},
  pages     = {51--56},
  year      = {1999}
}

@article{CharlesworthMarais2005,
  title     = {Steps in the evolution of heteromorphic sex chromosomes},
  author    = {Charlesworth, Deborah and Charlesworth, Brian and Marais, Gabriel},
  journal   = {Heredity},
  volume    = {95},
  pages     = {118--128},
  year      = {2005},
  publisher = {Nature Publishing Group}
}

@article{ChengKirkpatrick2019,
  title     = {Inversions are bigger on the X chromosome},
  author    = {Cheng, Chengde and Kirkpatrick, Mark},
  journal   = {Molecular Ecology},
  volume    = {28},
  pages     = {1238--1245},
  year      = {2019},
  publisher = {Wiley}
}

@article{Clark1987,
  title     = {Natural selection and Y-linked polymorphism},
  author    = {Clark, Andrew G.},
  journal   = {Genetics},
  volume    = {115},
  pages     = {569--577},
  year      = {1987},
}

@article{Connallon2018,
  title     = {Local adaptation and the evolution of inversions on sex chromosomes and autosomes},
  author    = {Connallon, Tim and Olito, Colin and Dutoit, Ludovic and Papoli, Homa and Ruzicka, Filip and Yong, Lengxob},
  journal   = {Phil.~Trans.~Roy.~Soc.~B},
  volume    = {373},
  pages     = {20170423},
  year      = {2018},
}

@article{ConnallonOlito2020,
  title     = {Natural selection and the distribution of chromosomal inversion lengths},
  author    = {Connallon, Tim and Olito, Colin},
  journal   = {Mol.~Ecol.},
  volume    = {},
  pages     = {},
  year      = {2020},
  doi       = {doi: 10.1111/mec.16091}
}

@book{CrowKimura1970,
  title     = {An introduction to population genetics theory},
  editor    = {Crow, James F. and Kimura, Motoo},
  pages     = {},
  publisher = {New York, Evanston and London: Harper \& Row, Publishers},
  year      = {1970},
  address   = {New York, USA}
}

@article{deWaalMaleFijtCharlesworth1979,
  title     = {A model for the evolution of translocation heterozygosity},
  author    = {de Waal Malefijt, Marina and Charlesworth, Brian},
  journal   = {Heredity},
  volume    = {43},
  pages     = {315--331},
  year      = {1979},
}

@article{Fisher1931,
  title     = {The evolution of dominance},
  author    = {Fisher, Ronald A.},
  journal   = {Biological Reviews},
  volume    = {6},
  pages     = {345--368},
  year      = {1931},
  publisher = {}
}

@article{Fisher1935,
  title     = {The sheltering of lethals},
  author    = {Fisher, Ronald A.},
  journal   = {American Naturalist},
  volume    = {69},
  pages     = {446--455},
  year      = {1935},
  publisher = {University of Chicago Press}
}

@book{Gillespie1991,
  author    = {Gillespie, John H.},
  title     = {The causes of molecular evolution},
  publisher = {Oxford University Press},
  year      = {1991},
  address   = {New York, USA}
}

@article{Handley2004,
  title     = {Evolutionary strata on the chicken Z chromosome: Implications for sex chromosome evolution},
  author    = {Handley, L.~L. and Ceplitis, H. and Ellegren, H.},
  journal   = {Genetics},
  volume    = {167},
  pages     = {367--376},
  year      = {2004},
  publisher = {GSA}
}

@article{Haldane1927,
  title     = {A mathematical theory of natural and artificial selection. V. Selection and mutation},
  author    = {Haldane, J.B.S.},
  journal   = {Proc.~Camb.~Philos.~Soc.},
  volume    = {23},
  pages     = {838--844},
  year      = {1927},
  publisher = {}
}

@article{Haldane1937,
  title     = {The effect of variation of fitness},
  author    = {Haldane, J.B.S.},
  journal   = {American Naturalist},
  volume    = {71},
  pages     = {337--349},
  year      = {1937}
}

@article{Haldane1957,
  title     = {The conditions for coadaptation in polymorphism for inversions},
  author    = {Haldane, J.B.S.},
  journal   = {J.~Genetics},
  volume    = {55},
  pages     = {218--225},
  year      = {1957},
  publisher = {}
}

@article{HarknessEtAl2018,
  title     = {The evolutionary response of mating system to heterosis},
  author    = {Harkness, A. and Brandvain, Y. and Goldberg, E.},
  journal   = {J.~Evol.~Biol.},
  volume    = {32},
  pages     = {476--490},
  year      = {2018}
}

@article{Huber2018,
  title     = {Gene expression drives the evolution of dominance},
  author    = {Huber, C.D. and Durvasula, A. and Hancock, A.M. and Lohmueller, K.E.},
  journal   = {Nature Communications},
  volume    = {9},
  pages     = {2750},
  doi       = {10.1038/s41467-018-05281-7},
  year      = {2018}
}

@article{ImmlerOtto2011,
  title     = {Ploidally antagonistic selection maintains stable genetic polymorphism},
  author    = {Immler, Simone and Arnqvist, G\"{o}ran and Otto, Sarah P.},
  journal   = {Evolution},
  volume    = {66},
  pages     = {55--65},
  year      = {2011}
}

@article{Ironside2010,
  title     = {No amicable divorce? Challenging the notion that sexual antagonism drives sex chromosome evolution},
  author    = {Ironside, Joseph E.},
  journal   = {Bioessays},
  volume    = {32},
  pages     = {718--726},
  year      = {2010},
  publisher = {Wiley}
}

@article{JohnsonAntonovicsHood2005,
  title     = {The evolution of intratetrad mating rates},
  author    = {Johnson, Louise J. and Antonovics, Janis and Hood, Michael E.},
  journal   = {Evolution},
  volume    = {59},
  pages     = {2525--2532},
  year      = {2005},
  publisher = {Wiley}
}

@article{JordanCharlesworth2012,
  title     = {The potential for sexually antagonistic polymorphism in different genome regions},
  author    = {Jordan, Crispin Y. and Charlesworth, Deborah},
  journal   = {Evolution},
  volume    = {66},
  pages     = {505--516},
  year      = {2012},
  publisher = {Wiley}
}

@article{Kimura1962,
  title     = {On the probability of fixation of mutant genes in a population},
  author    = {Kimura, Motoo},
  journal   = {Genetics},
  volume    = {47},
  pages     = {713--719},
  year      = {1962},
  publisher = {GSA}
}

@article{KimuraOhta1970,
  title     = {Probability of fixation of a mutant gene in a finite population when selective advantage decreases with time},
  author    = {Kimura, Motoo and Ohta, Tomoko},
  journal   = {Genetics},
  volume    = {65},
  pages     = {525--534},
  year      = {1970},
  publisher = {GSA}
}

@article{KirkpatrickBarton2003,
  title     = {Chromosome inversions, local adaptation and speciation},
  author    = {Kirkpatrick, Mark and Barton, Nick},
  journal   = {Genetics},
  volume    = {173},
  pages     = {419--434},
  year      = {2003},
  publisher = {GSA}
}

@article{KirkpatrickPeischl2013,
  title     = {Evolutionary rescue by beneficial mutations in environments that change in space and time},
  author    = {Kirkpatrick, Mark and Peischl, Stephan},
  journal   = {Phil.~Trans.~Roy.~Soc.~B},
  volume    = {368},
  pages     = {20120082},
  year      = {2013},
  publisher = {The Royal Society}
}

@article{KorunesNoor2019,
  title     = {Pervasive gene conversion in chromosomal inversion heterozygotes},
  author    = {Korunes, Katharine L. and Noor, Mohamed A.~F.},
  journal   = {Molecular Ecology},
  volume    = {28},
  pages     = {1302--1315},
  year      = {2019},
  publisher = {Wiley}
}

@book{KrimbasPowell1992,
  title     = {{\itshape Drosophila} inversion polymorphism},
  editor    = {Krimbas, Costas B. and Powell, Jeffery R.},
  pages     = {1--52},
  publisher = {CRC Press},
  year      = {1992},
  address   = {Florida, USA}
}

@article{LahnPage1999,
  title     = {Four evolutionary strata on the human X chromosome},
  author    = {Lahn, B.~T and Page, D.~C.},
  journal   = {Science},
  volume    = {286},
  pages     = {964--967},
  year      = {1999},
  publisher = {AAAS}
}

@article{Lande1979,
  title     = {Effective deme sizes during long-term evolution estimated from rates of chromosomal rearrangement} ,
  author    = {Lande, Russell},
  journal   = {Evolution},
  volume    = {33},
  pages     = {234--251},
  year      = {1979}
}

@article{Lenormand2003,
  title     = {The evolution of sex dimorphism in recombination},
  author    = {Lenormand, Thomas},
  journal   = {Genetics},
  volume    = {163},
  pages     = {811--822},
  year      = {2003},
  publisher = {Genetics Society of America}
}

@article{LenormandRoze2022,
  title     = {Y recombination arrest and degeneration in the absence of sexual dimorphism},
  author    = {Lenormand, Thomas and Roze, Denis},
  journal   = {Science},
  volume    = {375},
  pages     = {663--666},
  year      = {2022}
}

@article{Muller1914,
  title     = {A Gene for the Fourth Chromosome of {\itshape Drosophila}},
  author    = {Muller, H.~J.},
  journal   = {J.~Exp.~Zool.},
  volume    = {17},
  pages     = {325--336},
  year      = {1914}
}

@article{Muller1918,
  title     = {Genetic Variability, Twin Hybrids and Constant Hybrids, in a Case
of Balanced Lethal Factors},
  author    = {Muller, H.~J. and Gershenson, S.~M.},
  journal   = {Genetics},
  volume    = {3},
  pages     = {422--499},
  year      = {1918}
}

@article{Nei1967,
  title     = {Frequency changes of new inversions in populations under mutation-selection equilibria},
  author    = {Nei, Masatoshi and Kojima, Ken-Ichi and Schaffer, Henry E.},
  journal   = {Genetics},
  volume    = {57},
  pages     = {741--750},
  year      = {1967},
  publisher = {Genetics Society of America}
}
@article{Nei1969,
  title     = {Linkage modification and sex difference in recombination},
  author    = {Nei, Masatoshi},
  journal   = {Genetics},
  volume    = {63},
  pages     = {681--699},
  year      = {1969},
  publisher = {Genetics Society of America}
}

@article{Ohta1971a,
  title     = {Associative overdominance caused by linked detrimental mutations},
  author    = {Ohta, Tomoko},
  journal   = {Genet.~Res.~Camb.},
  volume    = {18},
  pages     = {277--286},
  year      = {1971}
}

@article{Ohta1971b,
  title     = {Survival probabilities of new inversions in large populations},
  author    = {Ohta, Tomoko and Kojima, Ken-Ichi},
  journal   = {Biometrics},
  volume    = {24},
  pages     = {501--516},
  year      = {1968},
  publisher = {Intl.~Biometric Society}
}

@article{OhtaKojima1968,
  title     = {Survival probabilities of new inversions in large populations},
  author    = {Ohta, Tomoko and Kojima, Ken-Ichi},
  journal   = {Biometrics},
  volume    = {24},
  pages     = {501--516},
  year      = {1968},
  publisher = {Intl.~Biometric Society}
}

@article{Olito2019,
  title     = {Sexually antagonistic variation and the evolution of dimorphic sexual systems},
  author    = {Olito, Colin and Connallon, Tim},
  journal   = {American Naturalist},
  volume    = {193},
  pages     = {688--701},
  year      = {2019},
  publisher = {University of Chicago Press}
}

@article{Orr2000,
  title     = {The rate of adaptation in asexuals},
  author    = {Orr, H.~Allen},
  journal   = {Gentics},
  volume    = {155},
  pages     = {961--968},
  year      = {2000},
  publisher = {GSA}
}

@article{OrrKim1998,
  title     = {An adaptive hypothesis for the evolution of the Y chromosome},
  author    = {Orr, H.~Allen and Kim, Yuseob},
  journal   = {Gentics},
  volume    = {150},
  pages     = {1693--1698},
  year      = {1998},
  publisher = {GSA}
}

@article{Otto2014,
  title     = {Selective maintenance of recombination between the sex chromosomes},
  author    = {Otto, Sarah P.},
  journal   = {J.~Evol.~Biol.},
  volume    = {27},
  pages     = {1431--1442},
  year      = {2014},
  publisher = {Wiley}
}

@article{Otto2019,
  title     = {Evolutionary potential for genomic islands of sexual divergence on recombining sex chromosomes},
  author    = {Otto, Sarah P.},
  journal   = {New Phytologist},
  volume    = {224},
  pages     = {1241--1251},
  year      = {2019},
  publisher = {Wiley}
}

@article{Otto1999,
  title     = {Balanced polymorphism and the evolution of dominance},
  author    = {Otto, Sarah P. and Bourguet, Denis},
  journal   = {American Naturalist},
  volume    = {153},
  pages     = {561--574},
  year      = {1999},
  publisher = {University of Chicago Press}
}

@article{OttoYong2002,
  title     = {The evolution of gene duplicates},
  author    = {Otto, Sarah P. and Yong, Paul},
  journal   = {Adv.~in~Genetics},
  volume    = {46},
  pages     = {451--483},
  year      = {2002}
}

@article{Otto2011,
  title     = {About PAR: The distinct evolutionary dynamics of the pseudoautosomal region},
  author    = {Otto, Sarah P. and Pannell, John R. and Peichel, Catherine L. and Ashman, Tia-Lynn and Charlesworth, Deborah, and Chippindale, Adam K. and Delph, Lynda F. and Guerrero, Rafael F. and Scarpino, Samuel V. and McAllister, Bryant F.},
  journal   = {Trends in Genetics},
  volume    = {27},
  pages     = {358--367},
  year      = {2011},
  publisher = {The Cell Press}
}

@article{OttoScottOsmond2018,
  title     = {Haploid selection, sex ratio bias, and transitions between sex-determining systems},
  author    = {Scott, Michael F. and Osmond, Matthew M. and Otto, Sarah P.},
  journal   = {PLoS Biology},
  volume    = {16},
  pages     = {e2005609},
  year      = {2018},
  publisher = {PLoS}
}

@article{PeischlKirkpatrick2012,
  title     = {Establishment of new mutations in changing environments},
  author    = {Peischl, Stephan and Kirkpatrick, Mark},
  journal   = {Genetics},
  volume    = {191},
  pages     = {895--906},
  year      = {2012},
  publisher = {GSA}
}

@article{Ponnikas2018,
  title     = {Why do sex chromosomes stop recombining?},
  author    = {Ponnikas, Suvi and Sigeman, Hanna and Abbott, Jessica K. and Hansson, Bengt},
  journal   = {Trends in Genetics},
  volume    = {34},
  pages     = {492--503},
  year      = {2018},
  publisher = {The Cell Press}
}

@Manual{RSoftware,
  title = {R: A Language and Environment for Statistical Computing},
  author = {{R Core Team}},
  organization = {R Foundation for Statistical Computing},
  address = {Vienna, Austria},
  year = {2020},
  url = {https://www.R-project.org/},
}

@article{Rice1984,
  title     = {Sex chromosomes and the evolution of sexual dimorphism},
  author    = {Rice, William R.},
  journal   = {Evolution},
  volume    = {38},
  pages     = {735--742},
  year      = {1984},
  publisher = {Wiley}
}

@article{Rice1987,
  title     = {The accumulation of sexually antagonistic genes as a selective agent promoting the evolution of reduced recombination between primitive sex chromosomes},
  author    = {Rice, William R.},
  journal   = {Evolution},
  volume    = {41},
  number    = {4},
  pages     = {911--914},
  year      = {1987},
  publisher = {Wiley}
}

@article{Rice1992,
  title     = {Sexually antagonistic genes: experimental evidence},
  author    = {Rice, William R.},
  journal   = {Science},
  volume    = {256},
  number    = {},
  pages     = {1436--1439},
  year      = {1992},
  publisher = {AAAS}
}

@article{Rice1996,
  title     = {Evolution of the Y sex chromosome in animals},
  author    = {Rice, William R.},
  journal   = {BioScience},
  volume    = {46},
  pages     = {331--343},
  year      = {1996},
  publisher = {Oxford University Press}
}

@article{Santos1986,
  title     = {The role of genic selection in the establishment of inversion polymorphism in {\itshape Drosophila subobscura}},
  author    = {Santos, M.},
  journal   = {Genetica},
  volume    = {69},
  pages     = {35--45},
  year      = {1986},
  publisher = {}
}

@article{Ubeda2015,
  title     = {On the origin of sex chromosomes from meiotic drive},
  author    = {\'{U}beda, Francisco and Patten, Manus M. and Wild, Geoff},
  journal   = {Proceedings of the Royal Society B},
  volume    = {282},
  pages     = {20141932},
  year      = {2015},
  publisher = {Royal Society}
}

@article{UeckerHermisson2011,
  title     = {On the fixation process of a beneficial mutation in a variable environment},
  author    = {Uecker, H. and Hermisson, Joachim},
  journal   = {Genetics},
  volume    = {188},
  pages     = {915--930},
  year      = {2011},
  publisher = {GSA}
}

@article{vanDoornKirkpatrick2007,
  title     = {Turnover of sex chromosomes induced by sexual conflict},
  author    = {van Doorn, G.~S. and Kirkpatrick, M.},
  journal   = {Nature},
  volume    = {449},
  pages     = {909--912},
  year      = {2007},
  publisher = {Nat.~Pub.~Grp.}
}

@article{vanDoornKirkpatrick2010,
  title     = {Transitions between male and female heterogamety caused by sex-antagonistic selection},
  author    = {van Doorn, G.~S. and Kirkpatrick, M.},
  journal   = {Genetics},
  volume    = {186},
  pages     = {629--645},
  year      = {2010},
  publisher = {Genetics Society of America}
}

@article{vanValenLevins1968,
  title     = {The origins of inversion polymorphisms},
  author    = {Van Valen, Leigh and Levins, Richard},
  journal   = {American Naturalist},
  volume    = {923},
  pages     = {5--24},
  year      = {1968},
  publisher = {University of Chicago Press}
}


@article{Waller2021,
  title     = {Addressing Darwin's dilemma: can pseudo-overdominance explain persistent inbreeding depression and load?},
  author    = {Waller, Donald M.},
  journal   = {Evolution},
  volume    = {75},
  pages     = {779--793},
  year      = {2021}
}


@article{WellenreutherBernatchez2018,
  title     = {Eco-evolutionary genomics of chromosomal inversions},
  author    = {Wellenreuther, Maren and Bernatchez, Louis},
  journal   = {Trends in Ecology and Evolution},
  volume    = {33},
  pages     = {427--440},
  year      = {2018},
  publisher = {The Cell Press}
}

@article{Wang2012,
  title     = {Sequencing papaya X and Y$^h$ chromosomes reveals molecular basis of incipient sex chromosome evolution},
  author    = {Wang, J. and Na, J-K and Yu, Qingyi and Gschwend, A.~R. and Han, J. and Zeng, F. and Aryal, R. and VanBuren, R. and Murray, J.~E. and Zhang, W. and Navajas-P\'{e}rez, R. and Feltus, F.~A. and Lemke, C. and Tong, E.~J. and Chen, C. and Man Wai, C. and Singh, R. and Wang, M-L and Min, X.~J. and Alam, M. and Charlesworth, D. and Moore, P.~H and Jiang, J. and Paterson, A.~H. and Ming, R.},
  journal   = {PNAS},
  volume    = {109},
  pages     = {13710--13715},
  year      = {2012},
  publisher = {AAS}
}

@article{WellenreutherBernatchez2018,
  title     = {Eco-evolutionary genomics of chromosomal inversions},
  author    = {Wellenreuther, Maren and Bernatchez, Louis},
  journal   = {Trends in Ecology and Evolution},
  volume    = {33},
  pages     = {427--440},
  year      = {2018},
  publisher = {Cell Press}
}

@article{Whitlock2000,
  title     = {Local drift load and the heterosis of interconnected populations},
  author    = {Whitlock, M.~C. and Ingvarsson and Hatfield, T.},
  journal   = {Heredity},
  volume    = {84},
  pages     = {452--457},
  year      = {2000}
}

@article{Wright2017,
  title     = {Convergent recombination suppression suggests role of sexual selection in guppy sex chromosome formation},
  author    = {Wright, Allison E. and Darolti, Iulia and Bloch, Natasha I. and Oostra, Vicencio and Sandkam, Ben and Buechel, Severine D. and Kolm, Niclas and Breden, Felix and Vicoso, Beatriz and Mank, Judith E.},
  journal   = {Nature Communications},
  volume    = {8},
  pages     = {14251},
  year      = {2017},
  publisher = {Nature Pub.~Group.}
}















% Old papers

@article{Kasimatis2017,
  title     = {Genomic signatures of sexual conflict},
  author    = {Kasimatis, Katja R. and Nelson, Thomas C. and Phillips, Patrick C.},
  journal   = {J.~of Heredity},
  volume    = {108},
  pages     = {780--790},
  year      = {2017},
  publisher = {Oxford University Press}
}

@article{Abbott2011,
  title     = {Intra-locus sexual conflict and sexually antagonistic genetic variation in hermaphroditic animals},
  author    = {Abbott, J.~K.},
  journal   = {Proc.~Roy.~Soc.~Lond.~B},
  volume    = {278},
  pages     = {161--169},
  year      = {2011},
  publisher = {Royal Society of London}
}

@article{AgrawalWhitlock2011,
  title     = {Inferences about the distribution of dominance drawn from yeast gene knockout data},
  author    = {Agrawal, A.~F. and Whitlock, M.~C.},
  journal   = {Genetics},
  volume    = {178},
  pages     = {553--566},
  year      = {2011},
  publisher = {Gen.~Soc.~America}
}

@Book{Andersson1994,
  author    = {Malte Andersson},
  title     = {Sexual Selection},
  pages     = {},
  publisher = {Princeton University Press},
  year      = {1994},
  address   = {Princeton, New Jersey, USA}
}

@article{Ashman2015,
  title     = {Multilocus sex determination revealed in two populations of gynodioecious wild strawberry, \textit{Fragaria vesca} subs. \textit{bracteata}},
  author    = {Ashman, Tia-Lynn and Tennessen, J.~A. and Dalton, R.~M. and Govindarajulu, R. and Koski, M.~H. and Liston, A.},
  journal   = {G3},
  volume    = {5},
  pages     = {2759--2773},
  year      = {2015},
  publisher = {Gen.~Soc.~Am.}
}

@article{Bachtrog2014,
  title     = {Sex determination: why so many ways of doing it?},
  author    = {Bachtrog, D. and Mank, J.~E. and Peichel, C.~L. and Kirkpatrick, M. and Otto, S.~P. and Ashman, Tia-Lynn and Hahn, M.~W. and Kitano, J. and Mayrose, I. and Ming, R. and Perrin, N. and Ross, L. and Valenzuela, N. and Vamosi, J.~C. and The Tree of Sex Consortium},
  journal   = {PLoS Biology},
  volume    = {12},
  number    = {7},
  pages     = {e1001899},
  year      = {2014},
  publisher = {PLoS}
}

@article{Bachtrog2006,
  title     = {A dynamic view of sex chromosome evolution},
  author    = {Bachtrog, Doris},
  journal   = {Curr.~Op.~Gen.~Devel.},
  volume    = {16},
  pages     = {578--585},
  year      = {2006},
  publisher = {Science Direct}
}

@article{Barrett2010,
  title     = {Darwin's legacy: the forms, function, and sexual diversity of flowers},
  author    = {Barrett, S.~C.~H.},
  journal   = {Phil.~Trans.~Roy.~Soc.~B.},
  volume    = {365},
  pages     = {351--368},
  year      = {2010},
  publisher = {Roy.~Soc.~Lond.}
}

@article{Barson2015,
  title     = {Sex-dependent dominance at a single locus maintains variation in age at maturity in salmon},
  author    = {Barson, N.~J. and Ayanat, T. and Hindar, K. and Baranski, M. and Bolstad, G.~H. and Fiske, P. and Jacq, C. and Jensen, A.~J. and Johnston, S.~E. and Karlsson, S. and Kent, M. and Moen, T. and Niemel\"{a}, E. and Nome, T. and Naesje, T.~F. and Orell, P. and Romakkaniemi, A. and Saegrov, H. and Urdal, K. and Erkinaro, J. and Lien, S. and Primmer, C.~R.},
  journal   = {Nature},
  volume    = {528},
  pages     = {405--408},
  year      = {2015},
  publisher = {Nat.~Pub.~Grp.}
}

@article{Bawa1980,
  title     = {Evolution of dioecy in flowering plants},
  author    = {Bawa, K.~F.},
  journal   = {Ann.~Rev.~Ecol.~Syst.},
  volume    = {11},
  pages     = {15--39},
  year      = {1980},
  publisher = {Ann. Rev. Inc.}
}

@article{BondurianskyChenoweth2009,
  title     = {Intralocus sexual conflict},
  author    = {Bonduriansky, Russell and Chenoweth, Steven F.},
  journal   = {Trends in Ecology and Evolution},
  volume    = {24},
  pages     = {280--288},
  year      = {2009},
  publisher = {Cell Press}
}

@article{BlackburnOtto2010,
  title     = {The evolution of sex ratio adjustment in the presence of sexually antagonistic selection},
  author    = {Blackburn, Gwylim S. and Albert, Arianne Y.~K. and Otto, Sarah P.},
  journal   = {American Naturalist},
  volume    = {176},
  number    = {},
  pages     = {264--275},
  year      = {2010},
  publisher = {University of Chicago Press}
}


@article{CaballeroHill1992,
  title     = {Effects of partial inbreeding on fixation rates and variation of mutant genes},
  author    = {Caballero, A. and Hill, W.~G.},
  journal   = {Genetics},
  volume    = {131},
  pages     = {493--507},
  year      = {1992},
  publisher = {Genetics Society of America}
}

@article{Charlesworth1978a,
  title     = {A model for the evolution of dioecy and gynodioecy},
  author    = {Charlesworth, Brian and Charlesworth, Deborah},
  journal   = {American Naturalist},
  volume    = {112},
  number    = {988},
  pages     = {975--997},
  year      = {1978},
  publisher = {University of Chicago Press}
}

@article{Charlesworth1978b,
  title     = {Population genetics of partial male-sterility and the evolution of monoecy and dioecy},
  author    = {Charlesworth, Deborah and Charlesworth, Brian},
  journal   = {Heredity},
  volume    = {41},
  pages     = {137--153},
  year      = {1978},
  publisher = {Nature Pub.~Grp.}
}

@incollection{Charlesworth1985,
  author      = "Charlesworth, Deborah",
  title       = "Distribution of dioecy and self-incompatibility in angiosperms",
  editor      = "Greenwood, P.~J. and Slatkin, M.",
  booktitle   = "Evolution: Essays in honor of John Maynard Smith",
  publisher   = "Cambridge University Press",
  address     = "Cambridge, U.~K.",
  year        = 1985,
  pages       = "237--268",
}

@article{Charlesworth1987,
  title     = {Inbreeding depression and its evolutionary consequences},
  author    = {Charlesworth, Deborah and Charlesworth, Brian},
  journal   = {Ann.~Rev.~Ecol.~Syst.},
  volume    = {18},
  pages     = {237--268},
  year      = {1987},
  publisher = {Ann. Rev. Inc.}
}

@incollection{Charlesworth1999,
  author      = "Charlesworth, Deborah",
  title       = "Theories of the evolution of dioecy",
  editor      = "Geber, M.~A. and Dawson, T.~E. and Delph, L.~F.",
  booktitle   = "Gender and sexual dimorphism in flowering plants",
  publisher   = "Springer Science and Business Media",
  address     = "Heidelberg, Germany",
  year        = 1999,
  pages       = "33--60",
  chapter     = "2",
}

@article{Charlesworth2002,
  title     = {Plant sex determination and sex chromosomes},
  author    = {Charlesworth, Deborah},
  journal   = {Heredity},
  volume    = {88},
  pages     = {94--101},
  year      = {2002},
  publisher = {Nature Pub.~Grp.}
}

@article{Charlesworth2006,
  title     = {Evolution of plant breeding systems},
  author    = {Charlesworth, Deborah},
  journal   = {Current Biology},
  volume    = {16},
  pages     = {R726--R735},
  year      = {2006},
  publisher = {Elsevier Ltd.}
}

@article{CharlesworthEtAl2005,
  title     = {Steps in the evolution of heteromorphic sex chromosomes},
  author    = {Charlesworth, Deborah and Charlesworth, Brian and Marais, G.},
  journal   = {Heredity},
  volume    = {95},
  pages     = {118--128},
  year      = {2005},
  publisher = {Nature Pub.~Grp.}
}

@article{Charlesworth-etal-2007,
  title     = {Selection responses of means and inbreeding depression for female fecundity in Drosophila melanogaster suggest contributions from intermediate-frequency alleles to quantitative trait variation},
  author    = {Charlesworth, Brian and Miyo, Takahiro and Borthwick, Helen},
  journal   = {Genetics Research},
  volume    = {89},
  pages     = {85--91},
  year      = {2007},
  publisher = {Cambridge University Press}
}

@article{Charlesworth2009,
  title     = {The genetics of inbreeding depression},
  author    = {Charlesworth, Deborah and Willis, John},
  journal   = {Nature Reviews Genetics},
  volume    = {10},
  pages     = {783--796},
  year      = {2009},
  publisher = {MacMillan Publishers Ltd.}
}

@Book{Charlesworth2010,
  author    = {Brian Charlesworth and Deborah Charlesworth},
  title     = {Elements of evolutionary genetics},
  pages     = {461--464,473},
  publisher = {Roberts and Company},
  year      = {2010},
  address   = {Colorado, USA}
}

@article{ConnallonClark2010,
  title     = {Sex linkage, sex-specific selection, and the role of recombination in the evolution of sexually dimorphic gene expression},
  author    = {Connallon, Tim and Clark, Andy G.},
  journal   = {Evolution},
  volume    = {64},
  pages     = {3417--3442},
  year      = {2010},
  publisher = {Wiley Blackwell}
}

@article{ConnallonClark2012,
  title     = {A general population genetic framework for antagonistic selection that accounts for demography and recurrent mutation},
  author    = {Connallon, Tim and Clark, Andy G.},
  journal   = {Genetics},
  volume    = {190},
  pages     = {1477--1489},
  year      = {2012},
  publisher = {Genetics Soc.~Am.}
}

@article{ConnallonClark2014,
  title     = {Balancing selection in species with separate sexes: insights from Fisher's geometric model},
  author    = {Connallon, Tim and Clark, Andy},
  journal   = {Genetics},
  volume    = {197},
  pages     = {991--1006},
  year      = {2014},
  publisher = {Genetics Soc.~Am.}
}

@article{ConnallonHall2018,
  title     = {Genetic constraints on adaptation: a theoretical primer for the genomics era},
  author    = {Connallon, Tim and Hall, Matthew D.},
  journal   = {Annals of the New York Academy of Sciences},
  volume    = {1422},
  pages     = {65--87},
  year      = {2018},
  publisher = {}
}

@article{ConnallonJordan2016,
  title     = {Accumulation of deleterious mutations near sexually antagonistic genes},
  author    = {Connallon, Tim and Jordan, Crispin Y.},
  journal   = {G3},
  volume    = {6},
  pages     = {2273--2280},
  year      = {2016},
  publisher = {Genetics Society of America}
}

@article{CrnokrakBarrett2002,
  title     = {Purging the genetic load: a review of the experimental evidence},
  author    = {Crnokrak, Peter and Barrett, Spencer C.~H.},
  journal   = {Evolution},
  volume    = {56},
  pages     = {2347--2358},
  year      = {2002},
  publisher = {}
}

@Book{Darwin1877,
  author    = {Charles Darwin},
  title     = {The different forms of flowers on plants of the same species},
  publisher = {John Murray},
  year      = {1877},
  address   = {London}
}

@article{DorkenBarrett2003,
  title     = {Sex determination and the evolution of dioecy from monoecy in Sagittaria latifolia (Alismataceae)},
  author    = {Dorken, Marcel E. and Barrett, S.~C.~H.},
  journal   = {Proc.~Roy.~Soc.~B},
  volume    = {271},
  pages     = {213--219},
  year      = {2003},
  publisher = {Royal Society Publishing}
}

@article{DufayBillard2012,
  title     = {How much better are females? The occurrence of female advantage, its proximal
causes and its variation within and among gynodioecious species},
  author    = {Dufay, Mathilde and Billard, Emmanuelle},
  journal   = {Ann.~Bot.},
  volume    = {109},
  pages     = {505--519},
  year      = {2012},
  publisher = {Oxford University Press}
}

@article{Frank1989,
  title     = {The evolutionary dynamics of cytoplasmic male sterility},
  author    = {Frank, Steven A.},
  journal   = {American Naturalist},
  volume    = {133},
  pages     = {345--376},
  year      = {1989},
  publisher = {Chicago University Press}
}

@article{Fry2010,
  title     = {The genomice location of sexually antagonistic variation: some cautionary comments},
  author    = {Fry, James D.},
  journal   = {Evolution},
  volume    = {64},
  pages     = {1510--1516},
  year      = {2009},
  publisher = {Wiley Blackwell}
}

@article{Garcia-Dorado2017,
  title     = {An explicit model for the inbreeding load in the evolutionary analysis of selfing},
  author    = {Garcia-Dorado, A.},
  journal   = {Evolution},
  volume    = {71},
  pages     = {1381--1389},
  year      = {2017},
  publisher = {Wiley Blackwell}
}

@article{GoldbergOtto2017,
  title     = {Macroevolutionary synthesis of flowering plant sexual systems},
  author    = {Goldberg, E.~E. and Otto, S.~P. and Vamosi, J.~C. and Mayrose, I. and Sabath, N. and Ming, R. and Ashman, Tia-Lynn},
  journal   = {Evolution},
  volume    = {71},
  pages     = {898--912},
  year      = {2017},
  publisher = {Wiley Blackwell}
}

@article{Gregorious1982,
  title     = {Selection in plant populations of effectively infinite size II.~Protectedness of a biallelic polymorphism},
  author    = {Gregorious, Hans-Rolf},
  journal   = {J.~Theor.~Biol.},
  volume    = {96},
  pages     = {689--705},
  year      = {1982},
  publisher = {}
}

@article{HedrickGarcia-Dorado2016,
  title     = {An explicit model for the inbreeding load in the evolutionary analysis of selfing},
  author    = {Hedrick, Philip W. and Garcia-Dorado, A.},
  journal   = {TREE},
  volume    = {31},
  pages     = {940--952},
  year      = {2016},
  publisher = {Cell Press}
}

@article{HusbandSchemske1996,
  title     = {Evolution of the magnitude and timing of inbreeding depression in plants},
  author    = {Husband, Brian C. and Schemske, Douglas W.},
  journal   = {Evolution},
  volume    = {50},
  pages     = {54--70},
  year      = {1996},
  publisher = {Wiley Blackwell}
}

@article{JarneAuld2006,
  title     = {Animals mix it up too: the distribution of self-fertilization among hermaphroditic animals},
  author    = {Jarne, Philippe and Auld, Josh R.},
  journal   = {Evolution},
  volume    = {60},
  pages     = {1816--1824},
  year      = {2006},
  publisher = {Wiley Blackwell}
}

@article{JordanConnallon2014,
  title     = {Sexually antagonistic polymorphism in simultaneous hermaphrodites},
  author    = {Jordan, Crispin Y. and Connallon, Tim},
  journal   = {Evolution},
  volume    = {68},
  pages     = {3555--3569},
  year      = {2014},
  publisher = {Wiley Blackwell}
}

@article{KacserBurns1980,
  title     = {The molecular basis of dominance},
  author    = {Kacser, Henrik and Burns, James A.},
  journal   = {Genetics},
  volume    = {97},
  pages     = {639--666},
  year      = {1980},
  publisher = {Genetics Society of America}
}

@article{KaferPannell2017,
  title     = {On the rarity of dioecy in flowering plants},
  author    = {K{\"a}fer, Jos and Marais, Gabriel A.~B. and Pannell, John R.},
  journal   = {Molecular Ecology},
  volume    = {26},
  pages     = {1225--1241},
  year      = {2017},
  publisher = {John Wiley \& Sons Ltd.}
}

@article{Kidwell1977,
  title     = {Regions of stable equilibria for models of selection in the two sexes under random mating},
  author    = {Kidwell, J.~F. and Clegg, M.~T. and Stewart, F.~M. and Prout, T.},
  journal   = {Genetics},
  volume    = {85},
  pages     = {171--183},
  year      = {1977},
  publisher = {Genetics Society of America}
}

@article{LandePorcher2017,
  title     = {Inbreeding depression maintained by recessive lethal mutations interacting with stabilizing selection on quantitative characters in a partially self-fertilizing population} ,
  author    = {Lande, Russell and Porcher, Emmanuelle},
  journal   = {Evolution},
  volume    = {71},
  pages     = {1191--1204},
  year      = {2017},
  publisher = {Wiley Blackwell}
}

@article{LandeSchemske1985,
  title     = {The evolution of self-fertilization and inbreeding depression in plants. I. Genetic models} ,
  author    = {Lande, Russell and Schemske, Douglas W.},
  journal   = {Evolution},
  volume    = {39},
  pages     = {24--40},
  year      = {1985},
  publisher = {Wiley Blackwell}
}

@article{LeeKelly2015,
  title     = {A segregating inversion generates fitness variation in yellow monkeyflower (\textit{Mimulus guttatus})} ,
  author    = {Lee, Young Wha and Fishman, Lila and Kelly, John K. and Willis, John H.},
  journal   = {Genetics},
  volume    = {202},
  pages     = {1473--1484},
  year      = {2016},
  publisher = {Genetics Society of America}
}

@article{Lewis1941,
  title     = {Male sterility in natural populations of hermaphrodite plants},
  author    = {Lewis, D.},
  journal   = {New Phyt.},
  volume    = {40},
  pages     = {56--63},
  year      = {1941},
  publisher = {}
}

@article{Lewis1942,
  title     = {The evolution of sex in flowering plants},
  author    = {Lewis, D.},
  journal   = {Biol.~Rev.},
  volume    = {17},
  pages     = {46--67},
  year      = {1942},
  publisher = {}
}

@article{Lloyd1975,
  title     = {The maintenance of gynodioecy and androdioecy in angiosperms},
  author    = {Lloyd, D.~G.},
  journal   = {Genetica},
  volume    = {45},
  pages     = {325--339},
  year      = {1975},
  publisher = {}
}

@article{Lloyd1976,
  title     = {The transmission of genes via pollen and ovules in gynodioecious angiosperms},
  author    = {Lloyd, D.~G.},
  journal   = {Theor. Pop. Biol.},
  volume    = {9},
  pages     = {299--316},
  year      = {1976},
  publisher = {}
}

@article{Mank2017,
  title     = {Population genetics of sexual conflict in the genomic era},
  author    = {Mank, Judith E.},
  journal   = {Nature Reviews Genetics},
  volume    = {18},
  pages     = {721--730},
  year      = {2017},
  publisher = {Nature Publishing Group}
}

@article{Manna2011,
  title     = {Fitness landscapes: an alternative theory for the dominance of mutation},
  author    = {Manna, F. and Martin, G. and Lenormand, T.},
  journal   = {Genetics},
  volume    = {189},
  pages     = {923--937},
  year      = {2011},
  publisher = {Genetics Society of America}
}

@article{Morgan1992a,
  title     = {The evolution of traits influencing male and female fertility in outcrossing plants},
  author    = {Morgan, Martin T.},
  journal   = {American Naturalist},
  volume    = {139},
  pages     = {1022--1051},
  year      = {1992a},
  publisher = {University of Chicago Press}
}

@article{Morgan1992b,
  title     = {Attractive structures and the stability of hermaphroditic sex expression in flowering plants},
  author    = {Morgan, Martin T.},
  journal   = {Evolution},
  volume    = {46},
  pages     = {1199--1213},
  year      = {1992b},
  publisher = {}
}

@article{Nagylaki1997,
  title     = {The diffusion model for migration and selection in a plant population},
  author    = {Nagylaki, T.},
  journal   = {J.~Math.~Biol.},
  volume    = {35},
  pages     = {409--431},
  year      = {1997},
  publisher = {}
}

@article{OhtaCockerham1974,
  title     = {Detrimental genes with partial selfing and effects on a neutral locus},
  author    = {Ohta, Tomoko and Cockerham, C. Clark},
  journal   = {Genet.~Res.~Camb.},
  volume    = {23},
  number    = {},
  pages     = {191--200},
  year      = {1974},
  publisher = {}
}


@article{Olito2017,
  title     = {Consequences of genetic linkage for the maintenance of sexually antagonistic polymorphism in hermaphrodites},
  author    = {Olito, Colin},
  journal   = {Evolution},
  volume    = {71},
  pages     = {458--464},
  year      = {2017},
  publisher = {Wiley Blackwell}
}

@article{Olito-etal-2018,
  title     = {The interaction between sex-specific selection and local adaptation in species without separate sexes},
  author    = {Olito, Colin and Abbott, Jessica K. and Jordan, Crispin Y.},
  journal   = {Phil.~Tran.~Roy.~Soc.~B},
  volume    = {373},
  pages     = {20170426},
  year      = {2018},
  publisher = {The Royal Society Publishing}
}

@Book{OttoDay2007,
  author    = {Sally Otto and Troy Day},
  title     = {A biologist's guide to mathematical modeling in ecology and evolution},
  publisher = {Princeton University Press},
  year      = {2007},
  address   = {New Jersey, USA}
}

@article{Patten2010,
  title     = {Fitness variation due to sexual antagonism and linkage disequilibrium},
  author    = {Patten, Manus and Haig, David and \'{U}beda, Francisco},
  journal   = {Evolution},
  volume    = {64},
  pages     = {3638--3642},
  year      = {2010},
  publisher = {Wiley Blackwell}
}

@article{Prout1968,
  title     = {Sufficient conditions for multiple niche polymorphism},
  author    = {Prout, Timothy},
  journal   = {American Naturalist},
  volume    = {102},
  pages     = {493--496},
  year      = {1968},
  publisher = {University of Chicago Press}
}

@incollection{Prout2000,
  author      = "Prout, Timothy",
  title       = "How well does opposing selection maintain variation?",
  editor      = "Singh, R.~S. and Kimbras, C.~B.",
  booktitle   = "Evolutionary genetics from molecules to morphology",
  publisher   = "Cambridge University Press",
  address     = "Cambridge, U.K.",
  year        = 2000,
  pages       = "157-203",
}

@article{Qiuetal2013,
  title     = {Testing for the footprint of sexually antagonistic polymorphisms in the pseudoautosomal region of a plant sex chromosome pair},
  author    = {Qiu, Suo and Bergero, Roberta, and Charlesworth, Deborah},
  journal   = {Genetics},
  volume    = {194},
  pages     = {663--672},
  year      = {2013},
  publisher = {Gen.~Soc.~Am.}
}

@article{Renner2014,
  title     = {The relative and absolute frequencies of angiosperm sexual systems: dioecy, monoecy, gynodioecy, and an updated online database},
  author    = {Renner, Susanne},
  journal   = {American Journal of Botany},
  volume    = {101},
  number    = {10},
  pages     = {1588--1596},
  year      = {2014},
  publisher = {Bot.~Soc.~Am.}
}



@article{Roze2015,
  title     = {Effects of Interference Between Selected Loci on the Mutation Load, Inbreeding Depression, and Heterosis},
  author    = {Roze, Denis},
  journal   = {Genetics},
  volume    = {201},
  number    = {},
  pages     = {745--757},
  year      = {2015},
  publisher = {Genetics Society of America}
}

@incollection{SakaiWeller1999,
  author      = "Sakai, Ann K. and Weller, Stephan G.",
  title       = "Gender and sexual dimorphism in flowering plants",
  editor      = "Geber, M.~A. and Dawson, T.~E. and Delph, L.~F.",
  booktitle   = "Gender and sexual dimorphism in flowering plants",
  publisher   = "Springer Science and Business Media",
  address     = "Heidelberg, Germany",
  year        = 1999,
  pages       = "1-31",
  chapter     = "1",
}

@article{SchultzGanders1996,
  title     = {Evolution of unisexuality in the Hawaiian Flora: a test of microevolutionary theory},
  author    = {Schultz, Stewart T. and Ganders, Fred R.},
  journal   = {Evolution},
  volume    = {50},
  pages     = {842--855},
  year      = {1996},
  publisher = {Wiley}
}

@article{SegerEckhart1996,
  title     = {Evolution of sexual systems and sex allocation in plants when growth and reproduction overlap},
  author    = {Seger, Jon and Eckhart, Vincent M.},
  journal   = {Proc.~Roy.~Soc.~B},
  volume    = {263},
  number    = {doi:10.1098/rspb.1996.0123},
  pages     = {833--841},
  year      = {1996},
  publisher = {Roy.~Soc.~Lond.}
}

@article{UbedaPatten2010,
  title     = {Stable linkage disequilibrium owing to sexual antagonism},
  author    = {\'{U}beda, Francisco and Haig, David, and Patten, Manus},
  journal   = {Proc.~Roy.~Soc.~B},
  volume    = {},
  number    = {doi:10.1098/rspb.2010.1201},
  pages     = {1--8},
  year      = {2010},
  publisher = {Roy.~Soc.~Lond.}
}

@article{Vicoso2013,
  title     = {Sex-biased gene expression at homomorphic sex chromosomes in emus and its implication for sex chromosome evolution},
  author    = {Vicoso, B. and Kaiser, V.~B. and Bachtrog, D.},
  journal   = {PNAS},
  volume    = {110},
  pages     = {6453--6458},
  year      = {2013},
  publisher = {}
}

@article{Waxman2011,
  title     = {A unified treatment of the probability of fixation when population size and the strength of selection change over time},
  author    = {Waxman, D.},
  journal   = {Genetics},
  volume    = {188},
  pages     = {907--913},
  year      = {2011},
  publisher = {GSA}
}

@incollection{Webb1999,
  author      = "Webb, Colin J.",
  title       = "Empirical Studies: Evolution and maintenance of dimorphic breeding systems",
  editor      = "Geber, M.~A. and Dawson, T.~E. and Delph, L.~F.",
  booktitle   = "Gender and sexual dimorphism in flowering plants",
  publisher   = "Springer Science and Business Media",
  address     = "Heidelberg, Germany",
  year        = "1999",
  pages       = "61-95",
  chapter     = "3",
}

@article{WeinreichChao2005,
  title     = {Rapid evolutionary escape by large populations from local fitness peaks is likely in nature},
  author    = {Weinreich, Daniel M. and Chao, Lin},
  journal   = {Evolution},
  volume    = {59},
  pages     = {1175--1182},
  year      = {2005},
  publisher = {Wiley Blackwell}
}

@article{Westergaard1958,
  title     = {The mechanism of sex determination in dioecious flowering plants},
  author    = {Westergaard, M.},
  journal   = {Adv. Genetics},
  volume    = {9},
  pages     = {217--281},
  year      = {1958},
  publisher = {}
}

@article{Yampolsky1922,
  title     = {Distribution of sex forms in the phanerogamic flora},
  author    = {Yampolsky, Cecil and Yampolsky, Helene},
  journal   = {Bib. Genetica},
  volume    = {3},
  pages     = {1--63},
  year      = {1922},
  publisher = {}
}
