% Encoding: UTF-8

@Preamble{"\DeclareRobustCommand{\firstsecond}[2]{#2}"}

@article{AgrawalWhitlock2011,
  title     = {Inferences about the distribution of dominance drawn from yeast gene knockout data},
  author    = {Agrawal, A.~F. and Whitlock, M.~C.},
  journal   = {Genetics},
  volume    = {178},
  pages     = {553--566},
  year      = {2011},
  publisher = {Gen.~Soc.~America}
}

@article{AizenHarder2007,
  title     = {Expanding the limits of the pollen-limitation concept: effects of pollen quantity and quality},
  author    = {Aizen, M.A. and Harder, L.D.},
  journal   = {Ecology},
  volume    = {88},
  pages     = {271--281},
  year      = {2007}
}

@article{AntonovicsLevin1980,
  title     = {The ecological and genetic consequences of density-dependent regulation in plants},
  author    = {Antonovics, J. and Levin, D.A.},
  journal   = {Ann.~Rev.~Ecol.~Syst.},
  volume    = {11},
  pages     = {411--452},
  year      = {1980}
}

@article{Barrett2002,
  title     = {Sexual interference of the floral kind},
  author    = {Barrett, S.~C.~H.},
  journal   = {Heredity},
  volume    = {88},
  pages     = {154--159},
  year      = {2001},
  doi       = {doi:10.1111/j.1558-5646.2007.00179.x}
}

@article{BergerEtAl2014,
  title     = {Intralocus sexual conflict and environmental stress},
  author    = {Berger, D. and Grieshop, K. and Lind, M.I. and Goenaga, J. and Maklakov, A.A. and Arnqvist, G.},
  journal   = {Evolution},
  volume    = {68},
  pages     = {2184--2196},
  year      = {2014},
  doi       = {10.1111/evo.12439}
}

@article{BolnickNosil2007,
  title     = {Natural selection in  populations subject to a migration load},
  author    = {Bolnick, D.~I. and Nosil, P.},
  journal   = {Evolution},
  volume    = {61},
  pages     = {2229--2243},
  year      = {2007},
  doi       = {doi:10.1111/j.1558-5646.2007.00179.x}
}

@article{BondurianskyChenoweth2009,
  title     = {Intralocus sexual conflict},
  author    = {Bonduriansky, Russell and Chenoweth, Steven F.},
  journal   = {Trends in Ecology and Evolution},
  volume    = {24},
  pages     = {280--288},
  year      = {2009},
  doi       = {doi:10.1016/j.tree.2008.12.005}
}

@inbook{Caswell2001,
  title     = "Matrix Models: construction, analysis, and interpretation",
  author    = "Caswell, Hal",
  Chapter   = "4.5.2.1",
  pages     = "84--87",
  year      = "2001",
  publisher = "Sinauer Assoc.",
  address   = "Sunderland, MA, USA"
}

@incollection{caswell2017,
  author      = {Caswell, H. and Shyu, E.},
  title       = {Senescence, selection gradients, and mortality},
  editor      = {Shefferson, R.P and Jones, O.R. and Salguero-G{\'o}mez, R.},
  booktitle   = {The Evolution of Senescence in the Tree of LIfe},
  publisher   = {Cambridge University Press},
  address     = {Cambridge, U.~K.},
  year        = {2017},
  pages       = {56},
}

@inbook{caswell2017senescence,
  title     = {Senescence, selection gradients, and mortality},
  author    = {Caswell, H. and Shyu, E.},
  journal   = {Ecological Monographs},
  volume    = {4:88},
  pages     = {},
  year      = {2018}
}

@article{CaswellEtAl2018,
  title     = {Age $\times$ stage-classified demographic analysis: a comprehensive approach},
  author    = {Caswell, H. and de Vries, C. and Hartemink, N. and Roth, G. and van Daalen, S.~F.},
  journal   = {Ecological Monographs},
  volume    = {4:88},
  pages     = {},
  year      = {2018}
}

@article{Charlesworth1973,
  title     = {Selection of new inversions in multi-locus genetic systems},
  author    = {Charlesworth, B. and Charlesworth, D.},
  journal   = {Genet.~Res.~Camb.},
  volume    = {21},
  pages     = {167--183},
  year      = {1973}
}

@article{Charlesworth-etal-1993,
  title     = {The effect of deleterious mutations on neutral molecular variation},
  author    = {Charlesworth, B. and Morgan, M.T. and Charlesworth, D.},
  journal   = {Genetics},
  volume    = {134},
  pages     = {1289--1303},
  year      = {1993}
}


@article{Chippendale-etal-2001,
  title     = {Negative genetic correlation for adult fitness between sexes reveals ontogenetic conflict in {\itshape Drosophila}},
  author    = {Chippindale, A.K. and Gibson, J.R. and Rice, W.R.},
  journal   = {PNAS},
  volume    = {98},
  pages     = {1671--1675},
  year      = {2001}
}


@Book{Charlesworth_1994,
  author    = {Charlesworth, B.},
  title     = {Evolution in Age-Structured Populations},
  publisher = {University of Chicago},
  address   = {Chicago, Il., USA},
  year      = {1994}
}

@incollection{CharlesworthHughes2000,
  author      = {Charlesworth, Brian and Hughes, K.~A.},
  title       = {The maintenance of genetic variation in life history traits},
  editor      = {Singh, R.S. and Krimbas, C.B.},
  booktitle   = {Evolutionary Genetics from Molecules to Morphology},
  publisher   = {Cambridge University Press},
  address     = {Cambridge, U.~K.},
  year        = {2000},
  pages       = {369--391},
}

@misc{CompadreDB2020,
  author    = {{\firstsecond{COMPADRE}{Plant Matrix Database}}},
  year      = {2020},
  note      = {Available from \url{https://www.compadre-db.org} [17 Nov.~2020, Version 6.20.11.1].}
  }

@article{Connallon2015,
  title     = {The geography of sex-specific selection, local adaptation, and sexual dimorphism},
  author    = {Connallon, Tim},
  journal   = {Evolution},
  volume    = {69},
  pages     = {2333--2344},
  year      = {2015},
  doi       = {10.1111/evo.12737}
}

@article{ConnallonClark2014,
  title     = {Balancing selection in species with separate sexes: insights from Fisher's geometric model},
  author    = {Connallon, Tim and Clark, Andy},
  journal   = {Genetics},
  volume    = {197},
  pages     = {991--1006},
  year      = {2014},
  publisher = {Genetics Soc.~Am.}
}

@article{ConnallonDebarreLi2018,
  title     = {Linking local adaptation with the evolution of sex differences},
  author    = {Connallon, Tim and D{\'e}barre, F. and Li, X.-Y.},
  journal   = {Phil.~Trans.~Roy.~Soc.~B},
  volume    = {373},
  pages     = {20170414},
  year      = {2018},
  doi       = {10.1098/rstb.2017.0414}
}

@article{ConnallonHall2018,
  title     = {Genetic constraints on adaptation: a theoretical primer for the genomics era},
  author    = {Connallon, Tim and Hall, Matthew D.},
  journal   = {Ann.~N.~Y.~Acad.~Sci.},
  volume    = {1422},
  pages     = {65--87},
  year      = {2018},
  doi       = {10.1111/nyas.13536}
}

@article{ConnallonMatthews2019,
  title     = {Cross-sex genetic correlations for fitness and fitness components: Connecting theoretical predictions to empirical patterns},
  author    = {Connallon, Tim and Matthews, G.},
  journal   = {Evolution Letters},
  volume    = {3},
  pages     = {254--262},
  year      = {2019},
  doi       = {10.1002/evl3.116}
}

@article{ConnallonSharmaOlito2019,
  title     = {Evolutionary Consequences of Sex-Specific Selection in Variable Environments: Four Simple Models Reveal Diverse Evolutionary Outcomes},
  author    = {Connallon, T. and Sharma, S. and Olito, C.},
  journal   = {American Naturalist},
  volume    = {193},
  pages     = {93--105},
  year      = {2019},
  doi       = {10.1086/700720}
}

@article{CorbettDetig2016,
  title     = {Selection on inversion breakpoints favors proximity to pairing sensitive sites in {\itshape Drosophila melanogaster}},
  author    = {Corbett-Detig, Russell B.},
  journal   = {Genetics},
  volume    = {204},
  pages     = {259--265},
  year      = {2016},
}

@Article{coulson2006putting,
  author    = {Coulson, T. and Benton, T.G. and Lundberg, Per and Dall, S.R.X. and Kendall, B.E.},
  title     = {Putting evolutionary biology back in the ecological theatre: a demographic framework mapping genes to communities},
  journal   = {Evolutionary Ecology Research},
  year      = {2006},
  volume    = {8},
  number    = {7},
  pages     = {1155--1171},
  publisher = {Evolutionary Ecology, Ltd.},
}

@article{CoxCalsbeek2009,
  title     = { Sexually Antagonistic Selection, Sexual Dimorphism, and the Resolution of Intralocus Sexual Conflict},
  author    = {Cox, R.M. and Calsbeek, R.},
  journal   = {American Naturalist},
  volume    = {173},
  pages     = {173--187},
  year      = {2009},
  doi       = {10.1086/595841}
}

@article{CrnokrakBarrett2002,
  title     = {Purging the genetic load: a review of the experimental evidence},
  author    = {Crnokrak, P. and Barrett, S.C.H.},
  journal   = {Evolution},
  volume    = {56},
  pages     = {2347--2358},
  year      = {2002},
  doi       = {10.1111/j.0014-3820.2002.tb00160.x}
}

@incollection{Crow1970b,
  title     = "Genetic loads and the cost of natural selection",
  author    = "Crow, J.F.",
  editor    = "Kojima, K.",
  pages     = "128--177",
  year      = "1970",
  publisher = "Springer-Verlag",
  address   = "Berlin"
}

@article{DeLisle-etal-2018,
  title     = {Climatic factors and species range position predict sexually antagonistic selection across taxa},
  author    = {DeLisle, S.P. and Goedert, D. and Reedy, A.M. and Svensson, E.I.},
  journal   = {Phil.~Trans.~Roy.~Soc.~B},
  volume    = {373},
  pages     = {20170415},
  year      = {2018}
}

@article{Delph-etal-2011,
  title     = {Environment-dependent intralocus sexual conflict in a dioecious plant},
  author    = {Delph, L.~F. and Andicoechea, J. and Steven, J.C. and Herlihy, C.R. and Scarpino, S.V. and Bell, D.L.},
  journal   = {New Phytologist},
  volume    = {192},
  pages     = {542--552},
  year      = {2011}
}

@article{DelphHerlihy2012,
  title     = {Sexual, fecundity, and viability selection on flower size and number in a sexually dimorphic plant},
  author    = {Delph, L.~F. and Herlihy, C.~R.},
  journal   = {Evolution},
  volume    = {66},
  pages     = {1154--1166},
  year      = {2012}
}

@article{deVriesCaswell2019a,
  title     = {Stage-Structured Evolutionary Demography: Linking Life Histories, Population Genetics, and Ecological Dynamics},
  author    = {de~Vries, Charlotte and Caswell, Hal},
  journal   = {American Naturalist},
  volume    = {193},
  pages     = {545--559},
  year      = {2019a}
}

@article{deVriesCaswell2019b,
  title     = {Selection in two-sex stage-structured populations: Genetics, demography, and polymorphism},
  author    = {de~Vries, Charlotte and Caswell, Hal},
  journal   = {Theor. Population Biology},
  volume    = {130},
  pages     = {160--169},
  year      = {2019b}
}

@article{Eyre-WalkerKeightly2007,
  title     = {The distribution of fitness effects of new mutations},
  author    = {Eyre-Walker, A. and Keightly, P.~D.},
  journal   = {Nat. Rev. Genetics},
  volume    = {8},
  pages     = {610--618},
  year      = {2007}
}

@Book{Fisher1930,
  author    = {Fisher, R.~A.},
  title     = {The genetical theory of natural selection},
  publisher = {The Clarendon Press},
  address   = {Oxford, UK},
  year      = {1930}
}

@article{Glemin2021,
  title     = {Balancing selection in self-fertilizing populations},
  author    = {Gl\'{e}min, S.},
  journal   = {Evolution},
  volume    = {},
  pages     = {},
  year      = {2021},
  doi       = {10.1111/evo.14194}
}

@article{Goodwillie2005,
  title     = {The evolutionary enigma of mixed mating systems in plants: occurrence, theoretical explanations, and empirical evidence},
  author    = {Goodwillie, C. and Kalisz, S. and Eckert, C.~G.},
  journal   = {Ann.~Rev.~Ecol.~Evol.~Syst.},
  volume    = {36},
  pages     = {47--79},
  year      = {2005}
}

@article{Grossenbacher2015,
  title     = {Geographic range size is predicted by plant mating system},
  author    = {Grossenbacher, D. and Runquist, R.B. and Goldberg, E.E. and Brandvain, Y.},
  journal   = {Ecology Letters},
  volume    = {18},
  pages     = {706--713},
  year      = {2015}
}

@article{Haldane1957,
  title     = {The cost of natural selection},
  author    = {Haldane, J.~B.~S.},
  journal   = {J.~Genetics},
  volume    = {55},
  pages     = {511--524},
  year      = {1957}
}

@article{Harder2016,
  title     = {The population ecology of male gametophytes: the link between pollination and seed production},
  author    = {Harder, L.~D. and Aizen, M.~A. and Richards, S.~A.},
  journal   = {Ecology Letters},
  volume    = {19},
  pages     = {497--509},
  year      = {2016}
}

@book{HarderBarrett2006,
  author    = {Harder, L.~D. and Barrett, S.C.H.},
  booktitle = {Ecology and evolution of flowers},
  editor    = {Harder, L.~D. and Barrett, S.~C.~H.},
  year      = {2006},
  publisher = {Oxford Univ. Press},
  address   = {Oxford, UK}
}

@incollection{HarderRoutely2006,
  title     = {Pollen and ovule fates and reproductive performance by flowering plants},
  author    = {Harder, L.~D. and Routely, M.~B.},
  chapter   = {4},
  pages     = {61--80},
  booktitle = {Ecology and evolution of flowers},
  editor    = {Harder, L.~D. and Barrett, S.~C.~H.},
  year      = {2006},
  publisher = {Oxford Univ. Press},
  address   = {Oxford, UK}
}


@article{HedrickGarcia-Dorado2016,
  title     = {An explicit model for the inbreeding load in the evolutionary analysis of selfing},
  author    = {Hedrick, P.W. and Garcia-Dorado, A.},
  journal   = {TREE},
  volume    = {31},
  pages     = {940--952},
  year      = {2016}
}

@article{HendersonSearle1981,
  title     = {The vec-permutation matrix, the vec operator and Kronecker products: a review},
  author    = {Henderson, H.~V. and Searle, S.~R.},
  journal   = {Linear Multilinear Algebra},
  volume    = {9},
  pages     = {271--288},
  year      = {1981}
}

@article{HusbandSchemske1996,
  title     = {Evolution of the magnitude and timing of inbreeding depression in plants},
  author    = {Husband, Brian C. and Schemske, Douglas W.},
  journal   = {Evolution},
  volume    = {50},
  pages     = {54--70},
  year      = {1996},
  publisher = {Wiley Blackwell}
}

@article{Igic2006,
  title     = {The distribution of plant mating systems: study bias against obligately outcrossing species},
  author    = {Igic, B. and Kohn, J.~R.},
  journal   = {Evolution},
  volume    = {60},
  pages     = {1098--1103},
  year      = {2006}
}

@article{Jay2021,
  title     = {A deleterious mutation-sheltering theory for the evolution of sex chromosomes and supergenes},
  author    = {Jay, P. and Tezenas, E. and Giraud, T.},
  journal   = {bioR \textChi v},
  pages     = {1--19},
  doi       = {https://doi.org/10.1101/2021.05.17.444504},
  year      = {2021}
}

@article{JarneAuld2006,
  title     = {Animals mix it up too: the distribution of self-fertilization among hermaphroditic animals},
  author    = {Jarne, P. and Auld, J.~R.},
  journal   = {Evolution},
  volume    = {60},
  pages     = {1816--1824},
  year      = {2006}
}

@article{Jefferies2021,
  title     = {A neutral model for the loss of recombination on sex chromosomes},
  author    = {Jefferies, D.L. and Gerchen, J.F. and Scharmann, M. and Pannell, J.R.},
  journal   = {Phil.~Trans.~Roy.~Soc.~B},
  volume    = {376},
  pages     = {20200096},
  year      = {2021}
}

@article{KirkpatrickBarton1997,
  title     = {Evolution of a species' range},
  author    = {Kirkpatrick, Mark and Barton, Nicholas},
  journal   = {American Naturalist},
  volume    = {150},
  pages     = {1--23},
  year      = {1997},
  doi       = {doi:10.1086/ 286054}
}

@article{KorunesNoor2019,
  title     = {Pervasive gene conversion in chromosomal inversion heterozygotes},
  author    = {Korunes, Katharine L. and Noor, Mohamed A.~F.},
  journal   = {Molecular Ecology},
  volume    = {28},
  pages     = {1302--1315},
  year      = {2019},
  publisher = {Wiley}
}

@book{KrimbasPowell1992,
  title     = {{\itshape Drosophila} inversion polymorphism},
  editor    = {Krimbas, Costas B. and Powell, Jeffery R.},
  pages     = {1--52},
  publisher = {CRC Press},
  year      = {1992},
  address   = {Florida, USA}
}

@article{LandeShannon1996,
  title     = {The role of genetic variation in adaptation and population persistence in a changing environment},
  author    = {Lande, Russell and Shannon, S.},
  journal   = {Evolution},
  volume    = {50},
  pages     = {434--437},
  year      = {1996},
  doi       = {doi:10.1111/j.1558-5646.1996.tb04504.x}
}

@article{Lande1980,
  title     = {Sexual dimorphism, sexual selection, and adaptation in polygenic characters},
  author    = {Lande, Russell},
  journal   = {Evolution},
  volume    = {34},
  pages     = {292--305},
  year      = {1980},
  doi       = {doi:10.1111/j.1558-5646.1980.tb04817.x}
}

@article{LenormandRoze2021,
  title     = {Y recombination arrest and degeneration in the absence of sexual dimorphism},
  author    = {Lenormand, T. and Roze, D.},
  journal   = {bioR \textchi v},
  doi       = {https://doi.org/10.1101/2021.05.18.444606},
  pages     = {1--8},
  year      = {2021}
}

@article{Levene1953,
  title     = {Genetic equilibrium when more than one ecological niche is available},
  author    = {Levene, H.},
  journal   = {American Naturalist},
  volume    = {87},
  pages     = {331--333},
  year      = {1953}
}

@Book{Lewontin1975,
  author    = {Lewontin, R.C.},
  title     = {The genetic basis of evolutionary change.},
  publisher = {Columbia Univ. Press},
  year      = {1975},
  address   = {New York, USA}
}

@article{Lewis-etal-2011,
  title     = {Evidence for strong intralocus sexual conflict in the Indian meal moth, {\itshape Plodia interpunctella}},
  author    = {Lewis, Z. and Wedell, N. and Hunt, J.},
  journal   = {Evolution},
  volume    = {65},
  pages     = {2085--2097},
  year      = {2011}
}

@article{LloydWebb1992,
  title     = {The avoidance of interference between the presentation of pollen and stigmas in angiosperms I. Dichogamy.},
  author    = {Lloyd, D.~G. and Webb, C.~J.},
  journal   = {NZ J.~Botany},
  volume    = {24},
  pages     = {135--162},
  year      = {1986}
}

@article{LloydWebb1986,
  title     = {The avoidance of interference between the presentation of pollen and stigmas in angiosperms I. Dichogamy.},
  author    = {Lloyd, D.~G. and Webb, C.~J.},
  journal   = {NZ J.~Botany},
  volume    = {24},
  pages     = {135--162},
  year      = {1986}
}

@article{Lyberger-etal-2021,
  title     = {Is Evolution in Response to Extreme Events Good for Population Persistence?},
  author    = {Lyberger, L.P. and Osmond, M.M. and Schreiber, S.J.},
  journal   = {American Naturalist},
  volume    = {198},
  pages     = {44--52},
  year      = {2021}
}

@article{Manna2011,
  title     = {Fitness landscapes: an alternative theory for the dominance of mutation},
  author    = {Manna, F. and Martin, G. and Lenormand, T.},
  journal   = {Genetics},
  volume    = {189},
  pages     = {923--937},
  year      = {2011},
  publisher = {Genetics Society of America}
}

@article{MatthewsConnallon2019,
  title     = {Quantifying maladaptation during the evolution of sexual dimorphism},
  author    = {Matthews, G. and Hangartner, S. and Chapple, D.~G. and Connallon, T.},
  journal   = {Proc.~Roy.~Soc.~B},
  volume    = {286},
  pages     = {20191372},
  year      = {2019},
  doi       = {doi:10.1098/rspb.2019.1372}
}

@Article{metcalf2007evolutionary,
  author    = {Metcalf, C Jessica E and Pavard, Samuel},
  title     = {Why evolutionary biologists should be demographers},
  journal   = {Trends in Ecology \& Evolution},
  year      = {2007},
  volume    = {22},
  number    = {4},
  pages     = {205--212},
  publisher = {Elsevier},
}

@article{mylius1995evolutionarily,
  title     = {On evolutionarily stable life histories, optimization, and the need to be specific about density dependence},
  author    = {Mylius, S.D. and Diekmann, O.},
  journal   = {Oikos},
  volume    = {74},
  pages     = {218--224},
  year      = {1995}
}

@Article{Muller1950,
  title     = {Our load of mutations},
  author    = {Muller, H.J.},
  journal   = {Am.~J.~Human Genetics},
  year      = {1950},
  number    = {2},
  pages     = {111--176}
}


@article{OrrUnckless2008,
  title     = {Population extinction and the genetics of adaptation},
  author    = {Orr, H.~A. and Unckless, R.~L.},
  journal   = {American Naturalist},
  volume    = {172},
  pages     = {160--169},
  year      = {2008}
}

@article{Pamilo1979,
  title     = {Genic variation at sex-linked loci: quantification of regular selection models},
  author    = {Pamilo, P.},
  journal   = {Hereditas},
  volume    = {91},
  pages     = {129--133},
  year      = {1979}
}

@article{PetersonEtAl2016,
  title     = {The scale of local adaptation in Mimulus guttatus: comparing life history races, ecotypes, and populations},
  author    = {Peterson, Megan L. and Kay, Kathleen M. and Angert, Amy L.},
  journal   = {New Phytologist},
  volume    = {211},
  pages     = {345--356},
  year      = {2016}
}

@article{Prout1968,
  title     = {Sufficient conditions for multiple niche polymorphism},
  author    = {Prout, Timothy},
  journal   = {American Naturalist},
  volume    = {102},
  pages     = {493--496},
  year      = {1968},
  publisher = {University of Chicago Press}
}

@incollection{Prout2000,
  author      = {Prout, Timothy},
  title       = {How well does opposing selection maintain variation?},
  editor      = {Singh, R.~S. and Kimbras, C.~B.},
  booktitle   = {Evolutionary genetics from molecules to morphology},
  publisher   = {Cambridge University Press},
  address     = {Cambridge, U.K.},
  year        = {2000},
  pages       = {157-203},
}

@Article{RiceChippindale2001,
  author  = {Rice, W. R. and Chippindale, A. K.},
  title   = {Intersexual ontogenetic conflict},
  journal = {J.~Evol.~Biol.},
  year    = {2001},
  volume  = {14},
  pages   = {685--693},
}

@article{Ritland1990,
  title     = {Inferences about inbreeding depression based on changes of the inbreeding coefficient},
  author    = {Ritland, K.},
  journal   = {Evolution},
  volume    = {44},
  pages     = {1230--1241},
  year      = {1990}
}

@article{RitlandGanders1987,
  title     = {Covariation of selfing rates with parental gene fixation indices within populations of {\itshape Mimulus guttatus}},
  author    = {Ritland, K. and Ganders, F.~R.},
  journal   = {Evolution},
  volume    = {41},
  pages     = {760--771},
  year      = {1987}
}

@Article{rueffler2006evolutionary,
  author    = {Rueffler, Claus and Egas, Martijn and Metz, Johan AJ},
  title     = {Evolutionary predictions should be based on individual-level traits},
  journal   = {The American Naturalist},
  year      = {2006},
  volume    = {168},
  pages     = {E148--E162},
  publisher = {The University of Chicago Press},
}

@article{RuzickaConnallon2022,
  title     = {Polygenic signals of sexually antagonistic selection in contemporary human genomes},
  author    = {Ruzicka, F. and Holman, L. and Connallon, T.},
  journal   = {bioR \textchi v},
  volume    = {4-5},
  pages     = {1--43},
  doi       = {10.1101/2021.09.20.461171},
  year      = {2022}
}

@article{RuzickaESEB2020,
  title     = {The search for sexually antagonistic genes: Practical insights from studies of local adaptation and statistical genomics},
  author    = {Ruzicka, F. and Dutoit, L. and Czuppon, P. and Jordan, C.~Y. and Li, X.  and Olito, C. and Runemark, A. and Svensson, E.~I. and Yazdi, H.~P. and Connallon, T.},
  journal   = {Evol.~Lett.},
  volume    = {4-5},
  pages     = {398--415},
  year      = {2020}
}

@article{Maynard-Smith1976,
  title     = {What determines the rate of adaptation?},
  author    = {Maynard Smith, J.},
  journal   = {American Naturalist},
  volume    = {110},
  pages     = {331--338},
  year      = {1976},
  doi       = {doi:10.1086/ 283071}
}

@article{Sicard2011,
  title     = {The selfing syndrome: a model for studying the genetic and evolutionary basis of morphological adaptation in plants},
  author    = {Sicard, A. and Lenhard, M.},
  journal   = {Annals of Botany},
  volume    = {107},
  pages     = {1433--1443},
  year      = {2011}
}

@article{SinghPunzalan2018,
  title     = {The strength of sex-specific selection in the wild},
  author    = {Singh, A. and Punzalan, D.},
  journal   = {Evolution},
  volume    = {72},
  pages     = {2818--2824},
  year      = {2018}
}

@article{SpencerChiew2015,
  title     = {The maintenance of single-locus polymorphism by maternal selection},
  author    = {Spencer, H.G. and Chiew, K.X.},
  journal   = {G3},
  volume    = {5},
  pages     = {963--969},
  year      = {2015}
}

@article{SpencerMarks1988,
  title     = {The maintenance of single-locus polymorphism. I. Numerical studies of a viability selection model},
  author    = {Spencer, H.G. and Marks, R.W.},
  journal   = {Genetics},
  volume    = {120},
  pages     = {605--613},
  year      = {1988}
}

@article{SpencerPriest2016,
  title     = {The evolution of sex-specific dominance in response to sexually antagonistic selection},
  author    = {Spencer, H.G. and Priest, N.K.},
  journal   = {American Naturalist},
  volume    = {187},
  pages     = {658--666},
  year      = {2016},
  doi       = {10.1086/685827}
}

@article{Tazzyman2015,
  title     = {Self-fertilization and inbreeding limit the scope for sexually antagonisitc polymorphism},
  author    = {Tazzyman, S.~J. and Abbott, J.~K.},
  journal   = {J.~Evol.~Biol.},
  volume    = {28},
  pages     = {723--729},
  year      = {2015}
}

@article{vanDoorn2009,
  title     = {Intralocus sexual conflict},
  author    = {Van Doorn, G. S.},
  journal   = {Ann.~N.~Y.~Acad.~Sci.},
  volume    = {1168},
  pages     = {52--71},
  year      = {2009}
}


@article{Villoutreix-etal-2021,
  title     = {Inversion breakpoints and the evolution of supergenes},
  author    = {Villoutreix, R. and Ayala, D. and Joron, M. and Gompert, Z. and Feder, J.L. and Nosil, P.},
  journal   = {Molecular Ecology},
  volume    = {30},
  pages     = {2838--2755},
  year      = {2021}
}


@article{WangBarrett2020,
  title     = {Sexual conflict in protandrous flowers and the evolution of gynodioecy},
  author    = {Wang, Hao and Barrett, S.~C.~H. and Li, Xue‐Yan and Niu, Yang and Duan, Yuan‐Wen and Zhang, Zhi‐Qiang and Li, Qing‐Jun},
  journal   = {Evolution},
  volume    = {TBD},
  pages     = {XXX--XXX},
  year      = {2020},
  doi       = {doi:10.1111/evo.14113}
}

@article{WebbLloyd1986,
  title     = {The avoidance of interference between the presentation of pollen and stigmas in angiosperms II. Herkogamy.},
  author    = {Webb, C.~J. and Lloyd, D.~G.},
  journal   = {NZ J.~Botany},
  volume    = {24},
  pages     = {163--178},
  year      = {1986}
}

@article{Willis1993,
  title     = {Partial self-fertilization and inbreeding depression in two populations of {\itshape Mimulus guttatus}},
  author    = {Willis, J.~H.},
  journal   = {Heredity},
  volume    = {71},
  pages     = {145--154},
  year      = {1993}
}

@article{Willis1999a,
  title     = {The role of genes of large effect on inbreeding depression in {\itshape Mimulus guttatus}},
  author    = {Willis, J.~H.},
  journal   = {Evolution},
  volume    = {53},
  pages     = {1678--1691},
  year      = {1999a}
}

@article{Willis1999b,
  title     = {Inbreeding load, average dominance, and the mutation rate for mildly deleterious alleles in {\itshape Mimulus guttatus}},
  author    = {Willis, J.~H.},
  journal   = {Genetics},
  volume    = {153},
  pages     = {1885--1898},
  year      = {1999b}
}


@article{WuWillis2008,
  title     = {{\itshape Mimulus} is an emerging model system for the integration of ecological and genomic studies},
  author    = {Wu, C.~A. and Lowry, A.~M. and Cooley, A.~M. and Wright, K.~M. and Lee, Y.~W. and Willis, J.~H.},
  journal   = {Heredity},
  volume    = {100},
  pages     = {220--230},
  year      = {2008}
}

@article{Yund2000,
  title     = {How severe is sperm limitation in natural populations of marine free-spawners?},
  author    = {Yund, P.O.},
  journal   = {Tends Ecol. Evol.},
  volume    = {15},
  pages     = {10--13},
  year      = {2000}
}












@inbook{BeukeboomPerrin2014,
  title     = "The evolution of sex determination",
  author    = "Beukeboom, Leo W. and Perrin, Nicolas",
  chapter   = "5",
  pages     = "89--113",
  year      = "2014",
  publisher = "Oxford University Press",
  address   = "Oxford, UK"
}

@Book{Bull1983,
  author    = {James J.~Bull},
  title     = {Evolution of sex determining systems},
  pages     = {265--269},
  publisher = {The Benjamin/Cummings Publishing Company},
  year      = {1983},
  address   = {California, USA}
}

@article{Branco2017,
  title     = {Evolutionary strata on young mating-type chromosomes despite lack of sexual antagonism},
  author    = {Branco, Sara and Badouin, H\`{e}l\'{e}ne and Rodr\'{i}guez de la Vega, Ricardo C. and Gouzy, J\`{e}r\^{o}me and Carpentier, Fantin and Aguileta, Gabriela and Siguenza, Sophie and Brandenburg, Jean-Tristan and Coelho, Marco A. and Hood, Michael E. and Giraud, Tatiana},
  journal   = {PNAS},
  volume    = {114},
  pages     = {7067--7072},
  year      = {2017},
  publisher = {PNAS}
}

@article{Charlesworth1978,
  title     = {Model for evolution of Y chromosomes and dosage compensation},
  author    = {Charlesworth, Brian},
  journal   = {PNAS},
  volume    = {75},
  pages     = {5618--5622},
  year      = {1978}
}

@article{Charlesworth1980,
  title     = {Sex differences in fitness and selection for centric fusions between sex-chromosomes and autosomes},
  author    = {Charlesworth, Deborah and Charlesworth, Brian},
  journal   = {Genetical Research},
  volume    = {35},
  pages     = {205--214},
  year      = {1980},
}

@article{BCharlesworth1991,
  title     = {The evolution of sex chromosomes},
  author    = {Charlesworth, Brian},
  journal   = {Science},
  volume    = {251},
  pages     = {1030--1033},
  year      = {1991},
}

@article{DCharlesworth1991,
  title     = {The apparent selection on neutral marker loci in partially inbreeding populations},
  author    = {Charlesworth, Deborah},
  journal   = {Genet.~Res.~Camb.},
  volume    = {57},
  pages     = {159--175},
  year      = {1991},
}

@article{Charlesworth2000,
  title     = {The degeneration of Y chromosomes},
  author    = {Charlesworth, Brian and Charlesworth, Deborah},
  journal   = {Phil.~Trans.~Roy.~Soc.~B},
  volume    = {355179},
  pages     = {1563--1572},
  year      = {2000}
}

@Book{Charlesworth2010,
  author    = {Charlesworth, Deborah and Charlesworth, Brian},
  title     = {Elements of evolutionary genetics},
  pages     = {98},
  publisher = {Roberts and Company Publishers},
  year      = {2010},
  address   = {Colorado, USA}
}

@article{Charlesworth2017,
  title     = {Evolution of recombination rates between sex chromosomes},
  author    = {Charlesworth, Deborah},
  journal   = {Phil.~Trans.~Roy.~Soc.~B},
  volume    = {372},
  pages     = {20160456},
  year      = {2017},
  publisher = {Royal Society}
}

@article{CharlesworthWall1999,
  title     = {Inbreeding, heterozygote advantage and the evolution of neo-X and neo-Y sex chromosomes},
  author    = {Charlesworth, Brian and Wall, James D.},
  journal   = {Proc.~Roy~Soc.~B},
  volume    = {266},
  pages     = {51--56},
  year      = {1999}
}

@article{CharlesworthMarais2005,
  title     = {Steps in the evolution of heteromorphic sex chromosomes},
  author    = {Charlesworth, Deborah and Charlesworth, Brian and Marais, Gabriel},
  journal   = {Heredity},
  volume    = {95},
  pages     = {118--128},
  year      = {2005},
  publisher = {Nature Publishing Group}
}

@article{ChengKirkpatrick2019,
  title     = {Inversions are bigger on the X chromosome},
  author    = {Cheng, Chengde and Kirkpatrick, Mark},
  journal   = {Molecular Ecology},
  volume    = {28},
  pages     = {1238--1245},
  year      = {2019},
  publisher = {Wiley}
}

@article{Clark1987,
  title     = {Natural selection and Y-linked polymorphism},
  author    = {Clark, Andrew G.},
  journal   = {Genetics},
  volume    = {115},
  pages     = {569--577},
  year      = {1987},
}

@article{Connallon2018,
  title     = {Local adaptation and the evolution of inversions on sex chromosomes and autosomes},
  author    = {Connallon, Tim and Olito, Colin and Dutoit, Ludovic and Papoli, Homa and Ruzicka, Filip and Yong, Lengxob},
  journal   = {Phil.~Trans.~Roy.~Soc.~B},
  volume    = {373},
  pages     = {20170423},
  year      = {2018},
}

@article{ConnallonOlito2020,
  title     = {Impact of chromosomal inversion length on fixation probability},
  author    = {Connallon, Tim and Olito, Colin},
  journal   = {Mol.~Ecol.},
  volume    = {},
  pages     = {},
  year      = {2020},
}

@book{CrowKimura1970,
  title     = {An introduction to population genetics theory},
  editor    = {Crow, James F. and Kimura, Motoo},
  pages     = {},
  publisher = {New York, Evanston and London: Harper \& Row, Publishers},
  year      = {1970},
  address   = {New York, USA}
}

@article{deWaalMalefijtCharlesworth1979,
  title     = {A model for the evolution of translocation heterozygosity},
  author    = {de Waal Malefijt, Marina and Charlesworth, Brian},
  journal   = {Heredity},
  volume    = {43},
  pages     = {315--331},
  year      = {1979},
}

@article{Felsenstein1974,
  title     = {The evolutionary advantage of recombination},
  author    = {Felsenstein, J.},
  journal   = {Genetics},
  volume    = {78},
  pages     = {737--756},
  year      = {1974},
  publisher = {}
}

@article{Fisher1931,
  title     = {The evolution of dominance},
  author    = {Fisher, Ronald A.},
  journal   = {Biological Reviews},
  volume    = {6},
  pages     = {345--368},
  year      = {1931},
  publisher = {}
}

@article{Fisher1935,
  title     = {The sheltering of lethals},
  author    = {Fisher, Ronald A.},
  journal   = {American Naturalist},
  volume    = {69},
  pages     = {446--455},
  year      = {1935},
  publisher = {University of Chicago Press}
}

@book{Gillespie1991,
  author    = {Gillespie, John H.},
  title     = {The causes of molecular evolution},
  publisher = {Oxford University Press},
  year      = {1991},
  address   = {New York, USA}
}

@article{Handley2004,
  title     = {Evolutionary strata on the chicken Z chromosome: Implications for sex chromosome evolution},
  author    = {Handley, L.~L. and Ceplitis, H. and Ellegren, H.},
  journal   = {Genetics},
  volume    = {167},
  pages     = {367--376},
  year      = {2004},
  publisher = {GSA}
}

@article{Haldane1927,
  title     = {A mathematical theory of natural and artificial selection. V. Selection and mutation},
  author    = {Haldane, J.B.S.},
  journal   = {Proc.~Camb.~Philos.~Soc.},
  volume    = {23},
  pages     = {838--844},
  year      = {1927}
}

@article{Haldane1937,
  title     = {The effect of variation of fitness},
  author    = {Haldane, J.B.S.},
  journal   = {American Naturalist},
  volume    = {71},
  pages     = {337--349},
  year      = {1937}
}

@article{Haldane1957,
  title     = {The conditions for coadaptation in polymorphism for inversions},
  author    = {Haldane, J.B.S.},
  journal   = {J.~Genetics},
  volume    = {55},
  pages     = {218--225},
  year      = {1957},
  publisher = {}
}

@article{HarknessEtAl2018,
  title     = {The evolutionary response of mating system to heterosis},
  author    = {Harkness, A. and Brandvain, Y. and Goldberg, E.},
  journal   = {J.~Evol.~Biol.},
  volume    = {32},
  pages     = {476--490},
  year      = {2018}
}

@article{ImmlerOtto2011,
  title     = {Ploidally antagonistic selection maintains stable genetic polymorphism},
  author    = {Immler, Simone and Arnqvist, G\"{o}ran and Otto, Sarah P.},
  journal   = {Evolution},
  volume    = {66},
  pages     = {55--65},
  year      = {2011}
}

@article{Ironside2010,
  title     = {No amicable divorce? Challenging the notion that sexual antagonism drives sex chromosome evolution},
  author    = {Ironside, Joseph E.},
  journal   = {Bioessays},
  volume    = {32},
  pages     = {718--726},
  year      = {2010},
  publisher = {Wiley}
}

@article{JohnsonAntonovicsHood2005,
  title     = {The evolution of intratetrad mating rates},
  author    = {Johnson, Louise J. and Antonovics, Janis and Hood, Michael E.},
  journal   = {Evolution},
  volume    = {59},
  pages     = {2525--2532},
  year      = {2005},
  publisher = {Wiley}
}

@article{JordanCharlesworth2012,
  title     = {The potential for sexually antagonistic polymorphism in different genome regions},
  author    = {Jordan, Crispin Y. and Charlesworth, Deborah},
  journal   = {Evolution},
  volume    = {66},
  pages     = {505--516},
  year      = {2012},
  publisher = {Wiley}
}

@article{Kimura1962,
  title     = {On the probability of fixation of mutant genes in a population},
  author    = {Kimura, Motoo},
  journal   = {Genetics},
  volume    = {47},
  pages     = {713--719},
  year      = {1962},
  publisher = {GSA}
}

@article{KimuraOhta1970,
  title     = {Probability of fixation of a mutant gene in a finite population when selective advantage decreases with time},
  author    = {Kimura, Motoo and Ohta, Tomoko},
  journal   = {Genetics},
  volume    = {65},
  pages     = {525--534},
  year      = {1970},
  publisher = {GSA}
}

@article{KirkpatrickBarton2003,
  title     = {Chromosome inversions, local adaptation and speciation},
  author    = {Kirkpatrick, Mark and Barton, Nick},
  journal   = {Genetics},
  volume    = {173},
  pages     = {419--434},
  year      = {2003},
  publisher = {GSA}
}

@article{KirkpatrickPeischl2013,
  title     = {Evolutionary rescue by beneficial mutations in environments that change in space and time},
  author    = {Kirkpatrick, Mark and Peischl, Stephan},
  journal   = {Phil.~Trans.~Roy.~Soc.~B},
  volume    = {368},
  pages     = {20120082},
  year      = {2013},
  publisher = {The Royal Society}
}

@article{KorunesNoor2019,
  title     = {Pervasive gene conversion in chromosomal inversion heterozygotes},
  author    = {Korunes, Katharine L. and Noor, Mohamed A.~F.},
  journal   = {Molecular Ecology},
  volume    = {28},
  pages     = {1302--1315},
  year      = {2019},
  publisher = {Wiley}
}

@book{KrimbasPowell1992,
  title     = {{\itshape Drosophila} inversion polymorphism},
  editor    = {Krimbas, Costas B. and Powell, Jeffery R.},
  pages     = {1--52},
  publisher = {CRC Press},
  year      = {1992},
  address   = {Florida, USA}
}

@article{LahnPage1999,
  title     = {Four evolutionary strata on the human X chromosome},
  author    = {Lahn, B.~T and Page, D.~C.},
  journal   = {Science},
  volume    = {286},
  pages     = {964--967},
  year      = {1999},
  publisher = {AAAS}
}

@article{Lande1979,
  title     = {Effective deme sizes during long-term evolution estimated from rates of chromosomal rearrangement} ,
  author    = {Lande, Russell},
  journal   = {Evolution},
  volume    = {33},
  pages     = {234--251},
  year      = {1979}
}

@article{LemaitreEtAl2009,
  title     = {Footprints of inversions at present and past pseudoautosomal boundaries in human sex chromosomes},
  author    = {Lemaitre, Claire and Braga, Marilia D.~V. and Gautier, Christian and Sagon, Marie-France and Tannier, Eric and Marais, Gabriel A.~B.},
  journal   = {Genome Biol.~Evol.},
  volume    = {1},
  pages     = {56--66},
  year      = {2009}
}

@article{Lenormand2003,
  title     = {The evolution of sex dimorphism in recombination},
  author    = {Lenormand, Thomas},
  journal   = {Genetics},
  volume    = {163},
  pages     = {811--822},
  year      = {2003},
  publisher = {Genetics Society of America}
}

@article{Muller1914,
  title     = {A Gene for the Fourth Chromosome of {\itshape Drosophila}},
  author    = {Muller, H.~J.},
  journal   = {J.~Exp.~Zool.},
  volume    = {17},
  pages     = {325--336},
  year      = {1914}
}

@article{Muller1918,
  title     = {Genetic Variability, Twin Hybrids and Constant Hybrids, in a Case
of Balanced Lethal Factors},
  author    = {Muller, H.~J. and Gershenson, S.~M.},
  journal   = {Genetics},
  volume    = {3},
  pages     = {422--499},
  year      = {1918}
}

@article{Nei1967,
  title     = {Frequency changes of new inversions in populations under mutation-selection equilibria},
  author    = {Nei, Masatoshi and Kojima, Ken-Ichi and Schaffer, Henry E.},
  journal   = {Genetics},
  volume    = {57},
  pages     = {741--750},
  year      = {1967},
  publisher = {Genetics Society of America}
}


@article{Nei1968,
  title     = {Frequency changes of new inversions in populations under mutation-selection equilibria},
  author    = {Nei, Masatoshi and Kojima, Ken-Ichi and Schaffer, Henry E.},
  journal   = {Genetics},
  volume    = {57},
  pages     = {741--750},
  year      = {1967},
  publisher = {Genetics Society of America}
}

@article{Nei1969,
  title     = {Linkage modification and sex difference in recombination},
  author    = {Nei, Masatoshi},
  journal   = {Genetics},
  volume    = {63},
  pages     = {681--699},
  year      = {1969},
  publisher = {Genetics Society of America}
}

@article{OhtaKojima1968,
  title     = {Survival probabilities of new inversions in large populations},
  author    = {Ohta, Tomoko and Kojima, Ken-Ichi},
  journal   = {Biometrics},
  volume    = {24},
  pages     = {501--516},
  year      = {1968},
  publisher = {Intl.~Biometric Society}
}

@article{Olito2019,
  title     = {Sexually antagonistic variation and the evolution of dimorphic sexual systems},
  author    = {Olito, Colin and Connallon, Tim},
  journal   = {American Naturalist},
  volume    = {193},
  pages     = {688--701},
  year      = {2019},
  publisher = {University of Chicago Press}
}


@article{OlitoAbbott2020,
  title     = {The evolution of suppressed recombination between sex chromosomes by chromosomal inversions},
  author    = {Olito, Colin and Abbott, Jessica K.},
  journal   = {{\itshape bioR $\chi$ iv}},
  note      = {DOI: \href{https://doi.org/10.1101/2020.03.23.003558}{10.1101/2020.03.23.003558}},
  pages     = {},
  year      = {2020}
}

@article{Orr2000,
  title     = {The rate of adaptation in asexuals},
  author    = {Orr, H.~Allen},
  journal   = {Gentics},
  volume    = {155},
  pages     = {961--968},
  year      = {2000},
  publisher = {GSA}
}

@article{OrrKim1998,
  title     = {An adaptive hypothesis for the evolution of the Y chromosome},
  author    = {Orr, H.~Allen and Kim, Yuseob},
  journal   = {Gentics},
  volume    = {150},
  pages     = {1693--1698},
  year      = {1998},
  publisher = {GSA}
}

@article{Otto2014,
  title     = {Selective maintenance of recombination between the sex chromosomes},
  author    = {Otto, Sarah P.},
  journal   = {J.~Evol.~Biol.},
  volume    = {27},
  pages     = {1431--1442},
  year      = {2014},
  publisher = {Wiley}
}

@article{Otto2019,
  title     = {Evolutionary potential for genomic islands of sexual divergence on recombining sex chromosomes},
  author    = {Otto, Sarah P.},
  journal   = {New Phytologist},
  volume    = {224},
  pages     = {1241--1251},
  year      = {2019},
  publisher = {Wiley}
}

@article{Otto1999,
  title     = {Balanced polymorphism and the evolution of dominance},
  author    = {Otto, Sarah P. and Bourguet, Denis},
  journal   = {American Naturalist},
  volume    = {153},
  pages     = {561--574},
  year      = {1999},
  publisher = {University of Chicago Press}
}

@article{OttoYong2002,
  title     = {The evolution of gene duplicates},
  author    = {Otto, Sarah P. and Yong, Paul},
  journal   = {Adv.~in~Genetics},
  volume    = {46},
  pages     = {451--483},
  year      = {2002}
}

@Article{Otto2011,
  author    = {Otto, Sarah P. and Pannell, John R. and Peichel, Catherine L. and Ashman, Tia-Lynn and Charlesworth, Deborah, and Chippindale, Adam K. and Delph, Lynda F. and Guerrero, Rafael F. and Scarpino, Samuel V. and McAllister, Bryant F.},
  title     = {About PAR: The distinct evolutionary dynamics of the pseudoautosomal region},
  journal   = {Trends in Genetics},
  year      = {2011},
  volume    = {27},
  pages     = {358--367},
  publisher = {The Cell Press},
}

@article{OttoScottOsmond2018,
  title     = {Haploid selection, sex ratio bias, and transitions between sex-determining systems},
  author    = {Scott, Michael F. and Osmond, Matthew M. and Otto, Sarah P.},
  journal   = {PLoS Biology},
  volume    = {16},
  pages     = {e2005609},
  year      = {2018},
  publisher = {PLoS}
}

@article{PeischlKirkpatrick2012,
  title     = {Establishment of new mutations in changing environments},
  author    = {Peischl, Stephan and Kirkpatrick, Mark},
  journal   = {Genetics},
  volume    = {191},
  pages     = {895--906},
  year      = {2012},
  publisher = {GSA}
}

@article{Ponnikas2018,
  title     = {Why do sex chromosomes stop recombining?},
  author    = {Ponnikas, Suvi and Sigeman, Hanna and Abbott, Jessica K. and Hansson, Bengt},
  journal   = {Trends in Genetics},
  volume    = {34},
  pages     = {492--503},
  year      = {2018},
  publisher = {The Cell Press}
}

@Manual{RSoftware,
  title = {R: A Language and Environment for Statistical Computing},
  author = {{R Core Team}},
  organization = {R Foundation for Statistical Computing},
  address = {Vienna, Austria},
  year = {2018},
  url = {https://www.R-project.org/},
}

@article{Rice1984,
  title     = {Sex chromosomes and the evolution of sexual dimorphism},
  author    = {Rice, William R.},
  journal   = {Evolution},
  volume    = {38},
  pages     = {735--742},
  year      = {1984},
  publisher = {Wiley}
}

@article{Rice1987,
  title     = {The accumulation of sexually antagonistic genes as a selective agent promoting the evolution of reduced recombination between primitive sex chromosomes},
  author    = {Rice, William R.},
  journal   = {Evolution},
  volume    = {41},
  number    = {4},
  pages     = {911--914},
  year      = {1987},
  publisher = {Wiley}
}

@article{Rice1992,
  title     = {Sexually antagonistic genes: experimental evidence},
  author    = {Rice, William R.},
  journal   = {Science},
  volume    = {256},
  number    = {},
  pages     = {1436--1439},
  year      = {1992},
  publisher = {AAAS}
}

@article{Rice1996,
  title     = {Evolution of the Y sex chromosome in animals},
  author    = {Rice, William R.},
  journal   = {BioScience},
  volume    = {46},
  pages     = {331--343},
  year      = {1996},
  publisher = {Oxford University Press}
}

@article{Santos1986,
  title     = {The role of genic selection in the establishment of inversion polymorphism in {\itshape Drosophila subobscura}},
  author    = {Santos, M.},
  journal   = {Genetica},
  volume    = {69},
  pages     = {35--45},
  year      = {1986},
  publisher = {}
}

@article{SturtevantMather1938,
  title     = {The interrelations of inversions, heterosis, and recombination},
  author    = {Sturtevant, A.~H. and Mather, K.},
  journal   = {Am.~Nat.},
  volume    = {72},
  pages     = {447--452},
  year      = {1938}
}

@article{Ubeda2015,
  title     = {On the origin of sex chromosomes from meiotic drive},
  author    = {\'{U}beda, Francisco and Patten, Manus M. and Wild, Geoff},
  journal   = {Proceedings of the Royal Society B},
  volume    = {282},
  pages     = {20141932},
  year      = {2015},
  publisher = {Royal Society}
}

@article{UeckerHermisson2011,
  title     = {On the fixation process of a beneficial mutation in a variable environment},
  author    = {Uecker, H. and Hermisson, Joachim},
  journal   = {Genetics},
  volume    = {188},
  pages     = {915--930},
  year      = {2011},
  publisher = {GSA}
}

@article{vanDoornKirkpatrick2007,
  title     = {Turnover of sex chromosomes induced by sexual conflict},
  author    = {van Doorn, G.~S. and Kirkpatrick, M.},
  journal   = {Nature},
  volume    = {449},
  pages     = {909--912},
  year      = {2007},
  publisher = {Nat.~Pub.~Grp.}
}

@article{vanDoornKirkpatrick2010,
  title     = {Transitions between male and female heterogamety caused by sex-antagonistic selection},
  author    = {van Doorn, G.~S. and Kirkpatrick, M.},
  journal   = {Genetics},
  volume    = {186},
  pages     = {629--645},
  year      = {2010},
  publisher = {Genetics Society of America}
}

@article{vanValenLevins1968,
  title     = {The origins of inversion polymorphisms},
  author    = {Van Valen, Leigh and Levins, Richard},
  journal   = {American Naturalist},
  volume    = {923},
  pages     = {5--24},
  year      = {1968},
  publisher = {University of Chicago Press}
}

@article{WellenreutherBernatchez2018,
  title     = {Eco-evolutionary genomics of chromosomal inversions},
  author    = {Wellenreuther, Maren and Bernatchez, Louis},
  journal   = {Trends in Ecology and Evolution},
  volume    = {33},
  pages     = {427--440},
  year      = {2018},
  publisher = {The Cell Press}
}

@article{Wang2012,
  title     = {Sequencing papaya X and Y$^h$ chromosomes reveals molecular basis of incipient sex chromosome evolution},
  author    = {Wang, J. and Na, J-K and Yu, Qingyi and Gschwend, A.~R. and Han, J. and Zeng, F. and Aryal, R. and VanBuren, R. and Murray, J.~E. and Zhang, W. and Navajas-P\'{e}rez, R. and Feltus, F.~A. and Lemke, C. and Tong, E.~J. and Chen, C. and Man Wai, C. and Singh, R. and Wang, M-L and Min, X.~J. and Alam, M. and Charlesworth, D. and Moore, P.~H and Jiang, J. and Paterson, A.~H. and Ming, R.},
  journal   = {PNAS},
  volume    = {109},
  pages     = {13710--13715},
  year      = {2012},
  publisher = {AAS}
}

@article{WellenreutherBernatchez2018,
  title     = {Eco-evolutionary genomics of chromosomal inversions},
  author    = {Wellenreuther, Maren and Bernatchez, Louis},
  journal   = {Trends in Ecology and Evolution},
  volume    = {33},
  pages     = {427--440},
  year      = {2018},
  publisher = {Cell Press}
}

@article{Whitlock2000,
  title     = {Local drift load and the heterosis of interconnected populations},
  author    = {Whitlock, M.~C. and Ingvarsson and Hatfield, T.},
  journal   = {Heredity},
  volume    = {84},
  pages     = {452--457},
  year      = {2000}
}















% Old papers

@article{Kasimatis2017,
  title     = {Genomic signatures of sexual conflict},
  author    = {Kasimatis, Katja R. and Nelson, Thomas C. and Phillips, Patrick C.},
  journal   = {J.~of Heredity},
  volume    = {108},
  pages     = {780--790},
  year      = {2017},
  publisher = {Oxford University Press}
}

@article{Abbott2011,
  title     = {Intra-locus sexual conflict and sexually antagonistic genetic variation in hermaphroditic animals},
  author    = {Abbott, J.~K.},
  journal   = {Proc.~Roy.~Soc.~Lond.~B},
  volume    = {278},
  pages     = {161--169},
  year      = {2011},
  publisher = {Royal Society of London}
}

@article{AgrawalWhitlock2012,
  title     = {Mutation load: the fitness of individuals in populations where deleterious alleles are abundant},
  author    = {Agrawal, Aneil F. and Whitlock, Michael C.},
  journal   = {Ann.~Rev.~Ecol.~Evol.~Syst.},
  volume    = {43},
  pages     = {115--135},
  year      = {2012}
}

@Book{Andersson1994,
  author    = {Malte Andersson},
  title     = {Sexual Selection},
  pages     = {},
  publisher = {Princeton University Press},
  year      = {1994},
  address   = {Princeton, New Jersey, USA}
}

@article{AnotonovicsAbrams2004,
  title     = {Intratetrad mating and the evolution of linkage relationships},
  author    = {Antonovics, Janis and Abrams, Joseph Y.},
  journal   = {Evolution},
  volume    = {58},
  pages     = {702--709},
  year      = {2004},
  publisher = {Wiley}
}

@article{Ashman2015,
  title     = {Multilocus sex determination revealed in two populations of gynodioecious wild strawberry, \textit{Fragaria vesca} subs. \textit{bracteata}},
  author    = {Ashman, Tia-Lynn and Tennessen, J.~A. and Dalton, R.~M. and Govindarajulu, R. and Koski, M.~H. and Liston, A.},
  journal   = {G3},
  volume    = {5},
  pages     = {2759--2773},
  year      = {2015},
  publisher = {Gen.~Soc.~Am.}
}


@article{Bachtrog2014,
  title     = {Sex determination: why so many ways of doing it?},
  author    = {Bachtrog, D. and Mank, J.~E. and Peichel, C.~L. and Kirkpatrick, M. and Otto, S.~P. and Ashman, Tia-Lynn and Hahn, M.~W. and Kitano, J. and Mayrose, I. and Ming, R. and Perrin, N. and Ross, L. and Valenzuela, N. and Vamosi, J.~C. and The Tree of Sex Consortium},
  journal   = {PLoS Biology},
  volume    = {12},
  number    = {7},
  pages     = {e1001899},
  year      = {2014},
  publisher = {PLoS}
}

@article{Bachtrog2006,
  title     = {A dynamic view of sex chromosome evolution},
  author    = {Bachtrog, Doris},
  journal   = {Curr.~Op.~Gen.~Devel.},
  volume    = {16},
  pages     = {578--585},
  year      = {2006},
  publisher = {Science Direct}
}

@article{Bachtrog2008,
  title     = {The temporal dynamics of processes underlying Y chromosome degeneration},
  author    = {Bachtrog, Doris},
  journal   = {Genetics},
  volume    = {179},
  pages     = {1513--1525},
  year      = {2008}
}

@article{Barrett2010,
  title     = {Darwin's legacy: the forms, function, and sexual diversity of flowers},
  author    = {Barrett, S.~C.~H.},
  journal   = {Phil.~Trans.~Roy.~Soc.~B.},
  volume    = {365},
  pages     = {351--368},
  year      = {2010},
  publisher = {Roy.~Soc.~Lond.}
}

@article{Barson2015,
  title     = {Sex-dependent dominance at a single locus maintains variation in age at maturity in salmon},
  author    = {Barson, N.~J. and Ayanat, T. and Hindar, K. and Baranski, M. and Bolstad, G.~H. and Fiske, P. and Jacq, C. and Jensen, A.~J. and Johnston, S.~E. and Karlsson, S. and Kent, M. and Moen, T. and Niemel\"{a}, E. and Nome, T. and Naesje, T.~F. and Orell, P. and Romakkaniemi, A. and Saegrov, H. and Urdal, K. and Erkinaro, J. and Lien, S. and Primmer, C.~R.},
  journal   = {Nature},
  volume    = {528},
  pages     = {405--408},
  year      = {2015},
  publisher = {Nat.~Pub.~Grp.}
}

@article{Bawa1980,
  title     = {Evolution of dioecy in flowering plants},
  author    = {Bawa, K.~F.},
  journal   = {Ann.~Rev.~Ecol.~Syst.},
  volume    = {11},
  pages     = {15--39},
  year      = {1980},
  publisher = {Ann. Rev. Inc.}
}


@article{Bergero2019,
  title     = {Exaggerated heterochiasmy in a fish with sex-linked male coloration polymorphisms},
  author    = {Bergero, Roberta and Gardner, Jim and Bader, Beth and Yong, Lengxob and Charlesworth, Deborah },
  journal   = {PNAS},
  volume    = {116},
  pages     = {6924--6931},
  year      = {2019},
  publisher = {PNAS}
}

@article{BergeroCharlesworth2009,
  title     = {The evolution of restricted recombination in sex chromosomes},
  author    = {Bergero, Roberta and Charlesworth, Deborah },
  journal   = {Trends in Ecology and Evolution},
  volume    = {24},
  pages     = {94--102},
  year      = {2009},
  publisher = {Wiley}
}

@article{BlackburnOtto2010,
  title     = {The evolution of sex ratio adjustment in the presence of sexually antagonistic selection},
  author    = {Blackburn, Gwylim S. and Albert, Arianne Y.~K. and Otto, Sarah P.},
  journal   = {American Naturalist},
  volume    = {176},
  number    = {},
  pages     = {264--275},
  year      = {2010},
  publisher = {University of Chicago Press}
}


@article{CaballeroHill1992,
  title     = {Effects of partial inbreeding on fixation rates and variation of mutant genes},
  author    = {Caballero, A. and Hill, W.~G.},
  journal   = {Genetics},
  volume    = {131},
  pages     = {493--507},
  year      = {1992},
  publisher = {Genetics Society of America}
}

@article{Charlesworth1978a,
  title     = {A model for the evolution of dioecy and gynodioecy},
  author    = {Charlesworth, Brian and Charlesworth, Deborah},
  journal   = {American Naturalist},
  volume    = {112},
  number    = {988},
  pages     = {975--997},
  year      = {1978},
  publisher = {University of Chicago Press}
}

@article{Charlesworth1978b,
  title     = {Population genetics of partial male-sterility and the evolution of monoecy and dioecy},
  author    = {Charlesworth, Deborah and Charlesworth, Brian},
  journal   = {Heredity},
  volume    = {41},
  pages     = {137--153},
  year      = {1978},
  publisher = {Nature Pub.~Grp.}
}

@incollection{Charlesworth1985,
  author      = "Charlesworth, Deborah",
  title       = "Distribution of dioecy and self-incompatibility in angiosperms",
  editor      = "Greenwood, P.~J. and Slatkin, M.",
  booktitle   = "Evolution: Essays in honor of John Maynard Smith",
  publisher   = "Cambridge University Press",
  address     = "Cambridge, U.~K.",
  year        = 1985,
  pages       = "237--268",
}

@article{Charlesworth1987,
  title     = {Inbreeding depression and its evolutionary consequences},
  author    = {Charlesworth, Deborah and Charlesworth, Brian},
  journal   = {Ann.~Rev.~Ecol.~Syst.},
  volume    = {18},
  pages     = {237--268},
  year      = {1987},
  publisher = {Ann. Rev. Inc.}
}

@incollection{Charlesworth1999,
  author      = "Charlesworth, Deborah",
  title       = "Theories of the evolution of dioecy",
  editor      = "Geber, M.~A. and Dawson, T.~E. and Delph, L.~F.",
  booktitle   = "Gender and sexual dimorphism in flowering plants",
  publisher   = "Springer Science and Business Media",
  address     = "Heidelberg, Germany",
  year        = 1999,
  pages       = "33--60",
  chapter     = "2",
}

@article{Charlesworth2002,
  title     = {Plant sex determination and sex chromosomes},
  author    = {Charlesworth, Deborah},
  journal   = {Heredity},
  volume    = {88},
  pages     = {94--101},
  year      = {2002},
  publisher = {Nature Pub.~Grp.}
}

@article{Charlesworth2006,
  title     = {Evolution of plant breeding systems},
  author    = {Charlesworth, Deborah},
  journal   = {Current Biology},
  volume    = {16},
  pages     = {R726--R735},
  year      = {2006},
  publisher = {Elsevier Ltd.}
}

@article{CharlesworthEtAl2005,
  title     = {Steps in the evolution of heteromorphic sex chromosomes},
  author    = {Charlesworth, Deborah and Charlesworth, Brian and Marais, G.},
  journal   = {Heredity},
  volume    = {95},
  pages     = {118--128},
  year      = {2005},
  publisher = {Nature Pub.~Grp.}
}

@article{Charlesworth-etal-2007,
  title     = {Selection responses of means and inbreeding depression for female fecundity in Drosophila melanogaster suggest contributions from intermediate-frequency alleles to quantitative trait variation},
  author    = {Charlesworth, Brian and Miyo, Takahiro and Borthwick, Helen},
  journal   = {Genetics Research},
  volume    = {89},
  pages     = {85--91},
  year      = {2007},
  publisher = {Cambridge University Press}
}

@article{Charlesworth2009,
  title     = {The genetics of inbreeding depression},
  author    = {Charlesworth, Deborah and Willis, John},
  journal   = {Nature Reviews Genetics},
  volume    = {10},
  pages     = {783--796},
  year      = {2009},
  publisher = {MacMillan Publishers Ltd.}
}

@Book{Charlesworth2010,
  author    = {Brian Charlesworth and Deborah Charlesworth},
  title     = {Elements of evolutionary genetics},
  pages     = {461--464,473},
  publisher = {Roberts and Company},
  year      = {2010},
  address   = {Colorado, USA}
}

@article{ConnallonClark2010,
  title     = {Sex linkage, sex-specific selection, and the role of recombination in the evolution of sexually dimorphic gene expression},
  author    = {Connallon, Tim and Clark, Andy G.},
  journal   = {Evolution},
  volume    = {64},
  pages     = {3417--3442},
  year      = {2010},
  publisher = {Wiley Blackwell}
}

@article{ConnallonClark2012,
  title     = {A general population genetic framework for antagonistic selection that accounts for demography and recurrent mutation},
  author    = {Connallon, Tim and Clark, Andy G.},
  journal   = {Genetics},
  volume    = {190},
  pages     = {1477--1489},
  year      = {2012},
  publisher = {Genetics Soc.~Am.}
}

@article{ConnallonClark2014,
  title     = {Balancing selection in species with separate sexes: insights from Fisher's geometric model},
  author    = {Connallon, Tim and Clark, Andy},
  journal   = {Genetics},
  volume    = {197},
  pages     = {991--1006},
  year      = {2014},
  publisher = {Genetics Soc.~Am.}
}

@article{ConnallonHall2018,
  title     = {Genetic constraints on adaptation: a theoretical primer for the genomics era},
  author    = {Connallon, Tim and Hall, Matthew D.},
  journal   = {Annals of the New York Academy of Sciences},
  volume    = {1422},
  pages     = {65--87},
  year      = {2018},
  publisher = {}
}

@article{ConnallonJordan2016,
  title     = {Accumulation of deleterious mutations near sexually antagonistic genes},
  author    = {Connallon, Tim and Jordan, Crispin Y.},
  journal   = {G3},
  volume    = {6},
  pages     = {2273--2280},
  year      = {2016},
  publisher = {Genetics Society of America}
}

@article{CrnokrakBarrett2002,
  title     = {Purging the genetic load: a review of the experimental evidence},
  author    = {Crnokrak, Peter and Barrett, Spencer C.~H.},
  journal   = {Evolution},
  volume    = {56},
  pages     = {2347--2358},
  year      = {2002},
  publisher = {}
}

@Book{Darwin1877,
  author    = {Charles Darwin},
  title     = {The different forms of flowers on plants of the same species},
  publisher = {John Murray},
  year      = {1877},
  address   = {London}
}

@article{DorkenBarrett2003,
  title     = {Sex determination and the evolution of dioecy from monoecy in Sagittaria latifolia (Alismataceae)},
  author    = {Dorken, Marcel E. and Barrett, S.~C.~H.},
  journal   = {Proc.~Roy.~Soc.~B},
  volume    = {271},
  pages     = {213--219},
  year      = {2003},
  publisher = {Royal Society Publishing}
}

@article{DufayBillard2012,
  title     = {How much better are females? The occurrence of female advantage, its proximal
causes and its variation within and among gynodioecious species},
  author    = {Dufay, Mathilde and Billard, Emmanuelle},
  journal   = {Ann.~Bot.},
  volume    = {109},
  pages     = {505--519},
  year      = {2012},
  publisher = {Oxford University Press}
}

@article{Frank1989,
  title     = {The evolutionary dynamics of cytoplasmic male sterility},
  author    = {Frank, Steven A.},
  journal   = {American Naturalist},
  volume    = {133},
  pages     = {345--376},
  year      = {1989},
  publisher = {Chicago University Press}
}

@article{Fry2010,
  title     = {The genomice location of sexually antagonistic variation: some cautionary comments},
  author    = {Fry, James D.},
  journal   = {Evolution},
  volume    = {64},
  pages     = {1510--1516},
  year      = {2009},
  publisher = {Wiley Blackwell}
}

@article{Garcia-Dorado2017,
  title     = {An explicit model for the inbreeding load in the evolutionary analysis of selfing},
  author    = {Garcia-Dorado, A.},
  journal   = {Evolution},
  volume    = {71},
  pages     = {1381--1389},
  year      = {2017},
  publisher = {Wiley Blackwell}
}

@article{GoldbergOtto2017,
  title     = {Macroevolutionary synthesis of flowering plant sexual systems},
  author    = {Goldberg, E.~E. and Otto, S.~P. and Vamosi, J.~C. and Mayrose, I. and Sabath, N. and Ming, R. and Ashman, Tia-Lynn},
  journal   = {Evolution},
  volume    = {71},
  pages     = {898--912},
  year      = {2017},
  publisher = {Wiley Blackwell}
}

@article{Gregorious1982,
  title     = {Selection in plant populations of effectively infinite size II.~Protectedness of a biallelic polymorphism},
  author    = {Gregorious, Hans-Rolf},
  journal   = {J.~Theor.~Biol.},
  volume    = {96},
  pages     = {689--705},
  year      = {1982},
  publisher = {}
}



@article{JarneAuld2006,
  title     = {Animals mix it up too: the distribution of self-fertilization among hermaphroditic animals},
  author    = {Jarne, Philippe and Auld, Josh R.},
  journal   = {Evolution},
  volume    = {60},
  pages     = {1816--1824},
  year      = {2006},
  publisher = {Wiley Blackwell}
}

@article{JordanConnallon2014,
  title     = {Sexually antagonistic polymorphism in simultaneous hermaphrodites},
  author    = {Jordan, Crispin Y. and Connallon, Tim},
  journal   = {Evolution},
  volume    = {68},
  pages     = {3555--3569},
  year      = {2014},
  publisher = {Wiley Blackwell}
}

@article{KacserBurns1980,
  title     = {The molecular basis of dominance},
  author    = {Kacser, Henrik and Burns, James A.},
  journal   = {Genetics},
  volume    = {97},
  pages     = {639--666},
  year      = {1980},
  publisher = {Genetics Society of America}
}

@article{KaferPannell2017,
  title     = {On the rarity of dioecy in flowering plants},
  author    = {K\"{a}fer, Jos and Marais, Gabriel A.~B. and Pannell, John R.},
  journal   = {Molecular Ecology},
  volume    = {26},
  pages     = {1225--1241},
  year      = {2017},
  publisher = {John Wiley \& Sons Ltd.}
}

@article{Kidwell1977,
  title     = {Regions of stable equilibria for models of selection in the two sexes under random mating},
  author    = {Kidwell, J.~F. and Clegg, M.~T. and Stewart, F.~M. and Prout, T.},
  journal   = {Genetics},
  volume    = {85},
  pages     = {171--183},
  year      = {1977},
  publisher = {Genetics Society of America}
}

@article{LandePorcher2017,
  title     = {Inbreeding depression maintained by recessive lethal mutations interacting with stabilizing selection on quantitative characters in a partially self-fertilizing population} ,
  author    = {Lande, Russell and Porcher, Emmanuelle},
  journal   = {Evolution},
  volume    = {71},
  pages     = {1191--1204},
  year      = {2017},
  publisher = {Wiley Blackwell}
}

@article{LandeSchemske1985,
  title     = {The evolution of self-fertilization and inbreeding depression in plants. I. Genetic models} ,
  author    = {Lande, Russell and Schemske, Douglas W.},
  journal   = {Evolution},
  volume    = {39},
  pages     = {24--40},
  year      = {1985},
  publisher = {Wiley Blackwell}
}

@article{LeeKelly2015,
  title     = {A segregating inversion generates fitness variation in yellow monkeyflower (\textit{Mimulus guttatus})} ,
  author    = {Lee, Young Wha and Fishman, Lila and Kelly, John K. and Willis, John H.},
  journal   = {Genetics},
  volume    = {202},
  pages     = {1473--1484},
  year      = {2016},
  publisher = {Genetics Society of America}
}

@article{Lewis1941,
  title     = {Male sterility in natural populations of hermaphrodite plants},
  author    = {Lewis, D.},
  journal   = {New Phyt.},
  volume    = {40},
  pages     = {56--63},
  year      = {1941}
}

@article{Lewis1942,
  title     = {The evolution of sex in flowering plants},
  author    = {Lewis, D.},
  journal   = {Biol.~Rev.},
  volume    = {17},
  pages     = {46--67},
  year      = {1942},
  publisher = {}
}

@article{Lloyd1975,
  title     = {The maintenance of gynodioecy and androdioecy in angiosperms},
  author    = {Lloyd, D.~G.},
  journal   = {Genetica},
  volume    = {45},
  pages     = {325--339},
  year      = {1975},
  publisher = {}
}

@article{Lloyd1976,
  title     = {The transmission of genes via pollen and ovules in gynodioecious angiosperms},
  author    = {Lloyd, D.~G.},
  journal   = {Theor. Pop. Biol.},
  volume    = {9},
  pages     = {299--316},
  year      = {1976},
  publisher = {}
}

@article{Mank2017,
  title     = {Population genetics of sexual conflict in the genomic era},
  author    = {Mank, Judith E.},
  journal   = {Nature Reviews Genetics},
  volume    = {18},
  pages     = {721--730},
  year      = {2017},
  publisher = {Nature Publishing Group}
}

@article{Manna2011,
  title     = {Fitness landscapes: an alternative theory for the dominance of mutation},
  author    = {Manna, F. and Martin, G. and Lenormand, T.},
  journal   = {Genetics},
  volume    = {189},
  pages     = {923--937},
  year      = {2011},
  publisher = {Genetics Society of America}
}

@article{Morgan1992a,
  title     = {The evolution of traits influencing male and female fertility in outcrossing plants},
  author    = {Morgan, Martin T.},
  journal   = {American Naturalist},
  volume    = {139},
  pages     = {1022--1051},
  year      = {1992a},
  publisher = {University of Chicago Press}
}

@article{Morgan1992b,
  title     = {Attractive structures and the stability of hermaphroditic sex expression in flowering plants},
  author    = {Morgan, Martin T.},
  journal   = {Evolution},
  volume    = {46},
  pages     = {1199--1213},
  year      = {1992b},
  publisher = {}
}

@article{Nagylaki1997,
  title     = {The diffusion model for migration and selection in a plant population},
  author    = {Nagylaki, T.},
  journal   = {J.~Math.~Biol.},
  volume    = {35},
  pages     = {409--431},
  year      = {1997},
  publisher = {}
}

@article{OhtaCockerham1974,
  title     = {Detrimental genes with partial selfing and effects on a neutral locus},
  author    = {Ohta, Tomoko and Cockerham, C. Clark},
  journal   = {Genet.~Res.~Camb.},
  volume    = {23},
  number    = {},
  pages     = {191--200},
  year      = {1974},
  publisher = {}
}


@article{Olito2017,
  title     = {Consequences of genetic linkage for the maintenance of sexually antagonistic polymorphism in hermaphrodites},
  author    = {Olito, Colin},
  journal   = {Evolution},
  volume    = {71},
  pages     = {458--464},
  year      = {2017},
  publisher = {Wiley Blackwell}
}

@article{Olito-etal-2018,
  title     = {The interaction between sex-specific selection and local adaptation in species without separate sexes},
  author    = {Olito, Colin and Abbott, Jessica K. and Jordan, Crispin Y.},
  journal   = {Phil.~Tran.~Roy.~Soc.~B},
  volume    = {373},
  pages     = {20170426},
  year      = {2018},
  publisher = {The Royal Society Publishing}
}

@Book{OttoDay2007,
  author    = {Sally Otto and Troy Day},
  title     = {A biologist's guide to mathematical modeling in ecology and evolution},
  publisher = {Princeton University Press},
  year      = {2007},
  address   = {New Jersey, USA}
}

@article{Patten2010,
  title     = {Fitness variation due to sexual antagonism and linkage disequilibrium},
  author    = {Patten, Manus and Haig, David and \'{U}beda, Francisco},
  journal   = {Evolution},
  volume    = {64},
  pages     = {3638--3642},
  year      = {2010},
  publisher = {Wiley Blackwell}
}

@article{Prout1968,
  title     = {Sufficient conditions for multiple niche polymorphism},
  author    = {Prout, Timothy},
  journal   = {American Naturalist},
  volume    = {102},
  pages     = {493--496},
  year      = {1968},
  publisher = {University of Chicago Press}
}

@incollection{Prout2000,
  author      = "Prout, Timothy",
  title       = "How well does opposing selection maintain variation?",
  editor      = "Singh, R.~S. and Kimbras, C.~B.",
  booktitle   = "Evolutionary genetics from molecules to morphology",
  publisher   = "Cambridge University Press",
  address     = "Cambridge, U.K.",
  year        = 2000,
  pages       = "157-203",
}

@article{Qiuetal2013,
  title     = {Testing for the footprint of sexually antagonistic polymorphisms in the pseudoautosomal region of a plant sex chromosome pair},
  author    = {Qiu, Suo and Bergero, Roberta, and Charlesworth, Deborah},
  journal   = {Genetics},
  volume    = {194},
  pages     = {663--672},
  year      = {2013},
  publisher = {Gen.~Soc.~Am.}
}

@article{Renner2014,
  title     = {The relative and absolute frequencies of angiosperm sexual systems: dioecy, monoecy, gynodioecy, and an updated online database},
  author    = {Renner, Susanne},
  journal   = {American Journal of Botany},
  volume    = {101},
  number    = {10},
  pages     = {1588--1596},
  year      = {2014},
  publisher = {Bot.~Soc.~Am.}
}


@article{Roze2015,
  title     = {Effects of Interference Between Selected Loci on the Mutation Load, Inbreeding Depression, and Heterosis},
  author    = {Roze, Denis},
  journal   = {Genetics},
  volume    = {201},
  number    = {},
  pages     = {745--757},
  year      = {2015},
  publisher = {Genetics Society of America}
}

@incollection{SakaiWeller1999,
  author      = "Sakai, Ann K. and Weller, Stephan G.",
  title       = "Gender and sexual dimorphism in flowering plants",
  editor      = "Geber, M.~A. and Dawson, T.~E. and Delph, L.~F.",
  booktitle   = "Gender and sexual dimorphism in flowering plants",
  publisher   = "Springer Science and Business Media",
  address     = "Heidelberg, Germany",
  year        = 1999,
  pages       = "1-31",
  chapter     = "1",
}

@article{SchultzGanders1996,
  title     = {Evolution of unisexuality in the Hawaiian Flora: a test of microevolutionary theory},
  author    = {Schultz, Stewart T. and Ganders, Fred R.},
  journal   = {Evolution},
  volume    = {50},
  pages     = {842--855},
  year      = {1996},
  publisher = {Wiley}
}

@article{SegerEckhart1996,
  title     = {Evolution of sexual systems and sex allocation in plants when growth and reproduction overlap},
  author    = {Seger, Jon and Eckhart, Vincent M.},
  journal   = {Proc.~Roy.~Soc.~B},
  volume    = {263},
  number    = {doi:10.1098/rspb.1996.0123},
  pages     = {833--841},
  year      = {1996},
  publisher = {Roy.~Soc.~Lond.}
}

@article{UbedaPatten2010,
  title     = {Stable linkage disequilibrium owing to sexual antagonism},
  author    = {\'{U}beda, Francisco and Haig, David, and Patten, Manus},
  journal   = {Proc.~Roy.~Soc.~B},
  volume    = {},
  number    = {doi:10.1098/rspb.2010.1201},
  pages     = {1--8},
  year      = {2010},
  publisher = {Roy.~Soc.~Lond.}
}

@article{Vicoso2013,
  title     = {Sex-biased gene expression at homomorphic sex chromosomes in emus and its implication for sex chromosome evolution},
  author    = {Vicoso, B. and Kaiser, V.~B. and Bachtrog, D.},
  journal   = {PNAS},
  volume    = {110},
  pages     = {6453--6458},
  year      = {2013},
  publisher = {}
}

@article{Waxman2011,
  title     = {A unified treatment of the probability of fixation when population size and the strength of selection change over time},
  author    = {Waxman, D.},
  journal   = {Genetics},
  volume    = {188},
  pages     = {907--913},
  year      = {2011},
  publisher = {GSA}
}

@incollection{Webb1999,
  author      = "Webb, Colin J.",
  title       = "Empirical Studies: Evolution and maintenance of dimorphic breeding systems",
  editor      = "Geber, M.~A. and Dawson, T.~E. and Delph, L.~F.",
  booktitle   = "Gender and sexual dimorphism in flowering plants",
  publisher   = "Springer Science and Business Media",
  address     = "Heidelberg, Germany",
  year        = 1999,
  pages       = "61-95",
  chapter     = "3",
}

@article{WeinreichChao2005,
  title     = {Rapid evolutionary escape by large populations from local fitness peaks is likely in nature},
  author    = {Weinreich, Daniel M. and Chao, Lin},
  journal   = {Evolution},
  volume    = {59},
  pages     = {1175--1182},
  year      = {2005},
  publisher = {Wiley Blackwell}
}

@article{Westergaard1958,
  title     = {The mechanism of sex determination in dioecious flowering plants},
  author    = {Westergaard, M.},
  journal   = {Adv. Genetics},
  volume    = {9},
  pages     = {217--281},
  year      = {1958},
  publisher = {}
}

@Book{Wright1969,
  author    = {Sewall Wright},
  title     = {Evolution and the Genetics of Populations. Vol. 2, The Theory of Gene Frequencies},
  pages     = {294-295},
  publisher = {University of Chicago Press},
  year      = {1969},
  address   = {Chicago, Il, USA}
}

@article{Wright2017,
  title     = {Convergent recombination suppression suggests role of sexual selection in guppy sex chromosome formation},
  author    = {Wright, Allison E. and Darolti, Iulia and Bloch, Natasha I. and Oostra, Vicencio and Sandkam, Ben and Buechel, Severine D. and Kolm, Niclas and Breden, Felix and Vicoso, Beatriz and Mank, Judith E.},
  journal   = {Nature Communications},
  volume    = {8},
  pages     = {14251},
  year      = {2017},
  publisher = {Nature Pub.~Group.}
}

@article{Yampolsky1922,
  title     = {Distribution of sex forms in the phanerogamic flora},
  author    = {Yampolsky, Cecil and Yampolsky, Helene},
  journal   = {Bib. Genetica},
  volume    = {3},
  pages     = {1--63},
  year      = {1922},
  publisher = {}
}

@Article{PetersonEtAl2017,
  author  = {Peterson, Megan L. and Kay, Kathleen M. and Angert, Amy L.},
  title   = {Corrigendum},
  journal = {New Phytologist},
  year    = {2017},
  volume  = {216},
  pages   = {956--957},
}

@Article{,
  journal = {Ecology Letters},
  year    = {2016},
  volume  = {19},
  pages   = {497--509},
}

@Article{Servedio2014,
  author  = {Servedio, M.~R. and Brandvain, Y. and Dhole, S. and Fitzpatrick, C.~L. and Goldberg, E.~E. and Stern, C.~A. and Van Cleve, J. and Yeh, D.~J.},
  title   = {Not just a theory -- the utility of mathematical models in evolutionary biology},
  journal = {PLoS Biology},
  year    = {2014},
  volume  = {12},
  pages   = {e1002017},
  doi     = {doi:10.1371/journal.pbio.1002017},
}

@InProceedings{kokko2003sexy,
  author       = {Kokko, Hanna and Brooks, Robert},
  title        = {Sexy to die for? Sexual selection and the risk of extinction},
  booktitle    = {Annales Zoologici Fennici},
  year         = {2003},
  pages        = {207--219},
  organization = {JSTOR},
}

@Article{holman2013consequences,
  author    = {Holman, Luke and Kokko, Hanna},
  title     = {The consequences of polyandry for population viability, extinction risk and conservation},
  journal   = {Philosophical Transactions of the Royal Society B: Biological Sciences},
  year      = {2013},
  volume    = {368},
  number    = {1613},
  pages     = {20120053},
  publisher = {The Royal Society},
}

@Article{harts2014demography,
  author    = {Harts, Anna MF and Schwanz, Lisa E and Kokko, Hanna},
  title     = {Demography can favour female-advantageous alleles},
  journal   = {Proceedings of the Royal Society of London B: Biological Sciences},
  year      = {2014},
  volume    = {281},
  number    = {1790},
  pages     = {20140005},
  publisher = {The Royal Society},
}

@Article{metcalf2007evolutionary,
  author    = {Metcalf, C Jessica E and Pavard, Samuel},
  title     = {Why evolutionary biologists should be demographers},
  journal   = {Trends in Ecology \& Evolution},
  year      = {2007},
  volume    = {22},
  number    = {4},
  pages     = {205--212},
  publisher = {Elsevier},
}

@Article{coulson2006putting,
  author    = {Coulson, T and Benton, TG and Lundberg, Per and Dall, SRX and Kendall, BE},
  title     = {Putting evolutionary biology back in the ecological theatre: a demographic framework mapping genes to communities},
  journal   = {Evolutionary Ecology Research},
  year      = {2006},
  volume    = {8},
  number    = {7},
  pages     = {1155--1171},
  publisher = {Evolutionary Ecology, Ltd.},
}

@Article{kelly2007mutation,
  author    = {Kelly, John K},
  title     = {Mutation--selection balance in mixed mating populations},
  journal   = {Journal of theoretical biology},
  year      = {2007},
  volume    = {246},
  number    = {2},
  pages     = {355--365},
  publisher = {Elsevier},
}

@Article{kelly1999response,
  author    = {Kelly, John K},
  title     = {Response to selection in partially self-fertilizing populations. I. Selection on a single trait},
  journal   = {Evolution},
  year      = {1999},
  volume    = {53},
  number    = {2},
  pages     = {336--349},
  publisher = {Wiley Online Library},
}

@Article{de2020matrix,
  author    = {de Vries, Charlotte and Desharnais, Robert A and Caswell, Hal},
  title     = {A matrix model for density-dependent selection in stage-classified populations, with application to pesticide resistance in Tribolium},
  journal   = {Ecological Modelling},
  year      = {2020},
  volume    = {416},
  pages     = {108875},
  publisher = {Elsevier},
}

@Article{tanaka1996sexual,
  author    = {Tanaka, Yoshinari},
  title     = {Sexual selection enhances population extinction in a changing environment},
  journal   = {Journal of theoretical biology},
  year      = {1996},
  volume    = {180},
  number    = {3},
  pages     = {197--206},
  publisher = {Elsevier},
}

@Article{martinez2017sexual,
  author    = {Mart{\'\i}nez-Ruiz, Carlos and Knell, Robert J},
  title     = {Sexual selection can both increase and decrease extinction probability: reconciling demographic and evolutionary factors},
  journal   = {Journal of Animal Ecology},
  year      = {2017},
  volume    = {86},
  number    = {1},
  pages     = {117--127},
  publisher = {Wiley Online Library},
}

@Article{jones2014diversity,
  author    = {Jones, Owen R and Scheuerlein, Alexander and Salguero-G{\'o}mez, Roberto and Camarda, Carlo Giovanni and Schaible, Ralf and Casper, Brenda B and Dahlgren, Johan P and Ehrl{\'e}n, Johan and Garc{\'\i}a, Mar{\'\i}a B and Menges, Eric S and others},
  title     = {Diversity of ageing across the tree of life},
  journal   = {Nature},
  year      = {2014},
  volume    = {505},
  number    = {7482},
  pages     = {169--173},
  publisher = {Nature Publishing Group},
}

@Article{hunter2005use,
  author    = {Hunter, Christine M and Caswell, Hal},
  title     = {The use of the vec-permutation matrix in spatial matrix population models},
  journal   = {Ecological modelling},
  year      = {2005},
  volume    = {188},
  number    = {1},
  pages     = {15--21},
  publisher = {Elsevier},
}

@Article{caswell2012matrix,
  author    = {Caswell, Hal},
  title     = {Matrix models and sensitivity analysis of populations classified by age and stage: a vec-permutation matrix approach},
  journal   = {Theoretical Ecology},
  year      = {2012},
  volume    = {5},
  number    = {3},
  pages     = {403--417},
  publisher = {Springer},
}

@Article{magnus1979commutation,
  author    = {Magnus, Jan R and Neudecker, Heinz},
  title     = {The commutation matrix: some properties and applications},
  journal   = {The Annals of Statistics},
  year      = {1979},
  pages     = {381--394},
  publisher = {JSTOR},
}

@Article{grieshop2017male,
  author    = {Grieshop, Karl and Berger, David and Arnqvist, G{\"o}ran},
  title     = {Male-benefit sexually antagonistic genotypes show elevated vulnerability to inbreeding},
  journal   = {BMC evolutionary biology},
  year      = {2017},
  volume    = {17},
  number    = {1},
  pages     = {1--10},
  publisher = {BioMed Central},
}

@Article{berger2016intralocus,
  author    = {Berger, David and Martinossi-Allibert, Ivain and Grieshop, Karl and Lind, Martin I and Maklakov, Alexei A and Arnqvist, G{\"o}ran},
  title     = {Intralocus sexual conflict and the tragedy of the commons in seed beetles},
  journal   = {The American Naturalist},
  year      = {2016},
  volume    = {188},
  number    = {4},
  pages     = {E98--E112},
  publisher = {University of Chicago Press Chicago, IL},
}

@Article{merot2020balancing,
  author    = {M{\'e}rot, Claire and Llaurens, Violaine and Normandeau, Eric and Bernatchez, Louis and Wellenreuther, Maren},
  title     = {Balancing selection via life-history trade-offs maintains an inversion polymorphism in a seaweed fly},
  journal   = {Nature communications},
  year      = {2020},
  volume    = {11},
  number    = {1},
  pages     = {1--11},
  publisher = {Nature Publishing Group},
}

@Article{johnston2013life,
  author    = {Johnston, Susan E and Gratten, Jacob and Berenos, Camillo and Pilkington, Jill G and Clutton-Brock, Tim H and Pemberton, Josephine M and Slate, Jon},
  title     = {Life history trade-offs at a single locus maintain sexually selected genetic variation},
  journal   = {Nature},
  year      = {2013},
  volume    = {502},
  number    = {7469},
  pages     = {93--95},
  publisher = {Nature Publishing Group},
}

@Book{pollard1975mathematical,
  title     = {Mathematical models for the growth of human populations},
  publisher = {Cambridge University Press Cambridge},
  year      = {1975},
  author    = {Pollard, John Hurlstone},
}

@Book{iannelli2005gender,
  title     = {Gender-structured population modeling: mathematical methods, numerics, and simulations},
  publisher = {SIAM},
  year      = {2005},
  author    = {Iannelli, Mimmo and Martcheva, Maia and Milner, Fabio Augusto},
}

@Article{hitchcock2020gene,
  author    = {Hitchcock, Thomas J and Gardner, Andy},
  title     = {A gene's-eye view of sexual antagonism},
  journal   = {Proceedings of the Royal Society B},
  year      = {2020},
  volume    = {287},
  number    = {1932},
  pages     = {20201633},
  publisher = {The Royal Society},
}

@Article{ten2020habitat,
  author    = {Ten Brink, Hanna and Onstein, Renske E and de Roos, Andr{\'e} M},
  title     = {Habitat deterioration promotes the evolution of direct development in metamorphosing species},
  journal   = {Evolution},
  year      = {2020},
  volume    = {74},
  number    = {8},
  pages     = {1826--1850},
  publisher = {Wiley Online Library},
}

@Article{govaert2019eco,
  author    = {Govaert, Lynn and Fronhofer, Emanuel A and Lion, S{\'e}bastien and Eizaguirre, Christophe and Bonte, Dries and Egas, Martijn and Hendry, Andrew P and De Brito Martins, Ayana and Meli{\'a}n, Carlos J and Raeymaekers, Joost AM and others},
  title     = {Eco-evolutionary feedbacks—Theoretical models and perspectives},
  journal   = {Functional Ecology},
  year      = {2019},
  volume    = {33},
  number    = {1},
  pages     = {13--30},
  publisher = {Wiley Online Library},
}

@Article{orive2017effects,
  author    = {Orive, Maria E and Barfield, Michael and Fernandez, Carlos and Holt, Robert D},
  title     = {Effects of clonal reproduction on evolutionary lag and evolutionary rescue},
  journal   = {The American Naturalist},
  year      = {2017},
  volume    = {190},
  number    = {4},
  pages     = {469--490},
  publisher = {University of Chicago Press Chicago, IL},
}

@Article{childs2016evolution,
  author    = {Childs, Dylan Z and Sheldon, Ben C and Rees, Mark},
  title     = {The evolution of labile traits in sex-and age-structured populations},
  journal   = {Journal of Animal Ecology},
  year      = {2016},
  volume    = {85},
  number    = {2},
  pages     = {329--342},
  publisher = {Wiley Online Library},
}

@Article{barfield2011evolution,
  author    = {Barfield, Michael and Holt, Robert D and Gomulkiewicz, Richard},
  title     = {Evolution in stage-structured populations},
  journal   = {The American Naturalist},
  year      = {2011},
  volume    = {177},
  number    = {4},
  pages     = {397--409},
  publisher = {University of Chicago Press Chicago, IL},
}

@Article{durinx2008adaptive,
  author    = {Durinx, Michel and Metz, JAJ Hans and Mesz{\'e}na, G{\'e}za},
  title     = {Adaptive dynamics for physiologically structured population models},
  journal   = {Journal of mathematical biology},
  year      = {2008},
  volume    = {56},
  number    = {5},
  pages     = {673--742},
  publisher = {Springer},
}

@Article{coulson2008dynamics,
  author    = {Coulson, Tim and Tuljapurkar, Shripad},
  title     = {The dynamics of a quantitative trait in an age-structured population living in a variable environment},
  journal   = {The American Naturalist},
  year      = {2008},
  volume    = {172},
  number    = {5},
  pages     = {599--612},
  publisher = {The University of Chicago Press},
}

@Article{fussmann2007eco,
  author    = {Fussmann, Gregor F and Loreau, Michel and Abrams, Peter A},
  title     = {Eco-evolutionary dynamics of communities and ecosystems},
  journal   = {Functional ecology},
  year      = {2007},
  volume    = {21},
  number    = {3},
  pages     = {465--477},
  publisher = {Wiley Online Library},
}

@Book{rousset2004genetic,
  title     = {Genetic structure and selection in subdivided populations},
  publisher = {Princeton University Press},
  year      = {2004},
  author    = {Rousset, Fran{\c{c}}ois},
  volume    = {40},
}

@Article{dieckmann2002adaptive,
  author    = {Dieckmann, ULF and Metz, Johan AJ and Sabelis, Maurice W and Sigmund, Karl},
  title     = {Adaptive dynamics of infectious diseases},
  journal   = {Pursuit of virulence management},
  year      = {2002},
  pages     = {460--463},
  publisher = {Cambridge University Press Cambridge, UK},
}

@Article{orive2001somatic,
  author    = {Orive, Maria E},
  title     = {Somatic mutations in organisms with complex life histories},
  journal   = {Theoretical Population Biology},
  year      = {2001},
  volume    = {59},
  number    = {3},
  pages     = {235--249},
  publisher = {Elsevier},
}

@Article{ronce2000kin,
  author    = {Ronce, Oph{\'e}lie and Gandon, Sylvain and Rousset, Francois},
  title     = {Kin selection and natal dispersal in an age-structured population},
  journal   = {Theoretical Population Biology},
  year      = {2000},
  volume    = {58},
  number    = {2},
  pages     = {143--159},
  publisher = {Elsevier},
}

@Article{orive1995senescence,
  author    = {Orive, Maria E},
  title     = {Senescence in organisms with clonal reproduction and complex life histories},
  journal   = {The American Naturalist},
  year      = {1995},
  volume    = {145},
  number    = {1},
  pages     = {90--108},
  publisher = {University of Chicago Press},
}

@Article{roughgarden1971density,
  author    = {Roughgarden, Jonathan},
  title     = {Density-dependent natural selection},
  journal   = {Ecology},
  year      = {1971},
  volume    = {52},
  number    = {3},
  pages     = {453--468},
  publisher = {Wiley Online Library},
}

@Comment{jabref-meta: databaseType:bibtex;}
